2525 3925
614 332 901 386 BELLUM
934 332 1450 386 loevam-amum.
1765 321 1768 326 ”
1830 338 1895 388 σι

155 477 266 528 tice
299 478 576 544 fecerant,
611 479 790 541 reguli
822 481 882 529 in
918 492 1078 531 unum
1114 484 1484 532 convenerunt
1503 516 1519 549 ,
1569 485 1629 533 ut
1661 485 1807 536 inter
1836 495 1898 535 se

154 570 225 617 de
281 567 490 617 cunctis
539 569 778 630 negotiis
828 569 1217 630 disceptarent.
1287 571 1398 620 Sed
1445 572 1753 637 Hiempsal,
1804 576 1898 636 qui

154 657 424 705 minumus
459 668 529 705 ex
563 655 678 721 illis
713 659 865 723 erat,
913 661 1110 709 natura
1143 661 1302 709 ferox
1338 661 1394 709 et
1433 661 1538 709 iam
1574 666 1704 711 aute
1739 664 1900 726 igno-

155 744 426 796 bilitatem
472 742 794 811 Iugurthae,
852 747 981 807 quia
1023 752 1275 797 materno
1320 759 1523 811 genere
1566 750 1725 811 inpar
1760 754 1900 815 erat,

154 834 501 896 despiciens,
538 834 770 883 dextera
802 833 1164 885 Adherbalem
1195 836 1436 903 adsedit,
1481 849 1551 887 ne
1583 839 1791 888 medius
1826 846 1939 895 ex5

112 943 117 947 ·
155 924 364 988 tribus,
415 920 554 982 quod
609 920 753 983 apud
787 922 1047 973 Numidas
1095 925 1290 974 honori
1340 927 1583 990 ducitur,
1638 928 1901 991 Iugurtha

151 1010 318 1061 foret.
370 1010 511 1059 Dein
543 1013 721 1060 tamen
749 1014 809 1060 ut
832 1013 1002 1062 aetati
1027 1014 1350 1063 concederet
1371 1014 1632 1078 fatigatus
1655 1029 1689 1065 a
1711 1016 1902 1082 fratre,

154 1101 256 1149 vix
288 1100 348 1147 in
383 1101 596 1159 partem
629 1098 863 1150 alteram
895 1102 1242 1151 transductus
1279 1104 1377 1151 est.
1430 1105 1513 1154 Ibi
1540 1116 1704 1165 quom
1732 1104 1904 1155 multa

152 1188 225 1245 de
278 1187 700 1247 administrando
747 1190 981 1251 imperio·
1024 1189 1396 1254 dissererent,
1450 1193 1711 1256 Iugurtha
1756 1194 1903 1243 inter

150 1276 298 1327 alias
337 1288 431 1327 res
463 1277 596 1327 iacit
635 1280 890 1339 oportere
928 1280 1258 1341 quinquenni
1301 1280 1552 1330 consulta
1586 1284 1643 1331 et
1676 1281 1981 1339 decretam

149 1365 338 1416 omnia
366 1366 636 1428 rescindi3
687 1376 814 1416 nam
861 1377 962 1429 per
999 1379 1069 1417 ea
1117 1370 1362 1429 tempora
1406 1370 1714 1419 contectum
1747 1372 1905 1420 annis

150 1455 450 1515 Micipsam
483 1466 680 1515 parum
714 1457 895 1505 animo
931 1454 1189 1506 valuisse.
1262 1458 1399 1507 Tum
1447 1458 1591 1508 idem
1621 1458 1905 1522 Biempsal

151 1542 380 1604 placere
414 1543 519 1591 sihi
552 1542 835 1605 respondit
844 1558 863 1607 3
894 1556 1022 1596 nam
1038 1546 1216 1606 ipsum
1242 1546 1405 1595 illum
1429 1547 1602 1596 tribus
1627 1549 1905 1608 proxumis

150 1633 314 1681 annis
348 1630 700 1692 adoptatione
739 1634 796 1681 in
834 1645 1060 1696 regnum
1099 1635 1437 1696 pervenisse.
1490 1631 1646 1697 Quod
1680 1635 1905 1687 verbum

150 1722 213 1769 in
248 1722 442 1781 pectus
476 1721 772 1782 Iugurthae
810 1720 1007 1783 altius,
1051 1733 1215 1782 quam
1253 1723 1543 1784 quisquam
1575 1724 1730 1773 ratus
1767 1728 1905 1790 erat,
1917 1727 1981 1778 15

151 1807 451 1859 descendit.
521 1809 716 1871 Itaque
767 1820 836 1858 ex
871 1820 938 1858 eo
981 1810 1226 1869 tempore
1272 1811 1359 1859 ira
1408 1812 1467 1860 et
1514 1812 1665 1859 metu
1713 1812 1907 1860 anxius

150 1896 352 1959 moliri,
391 1909 594 1959 parare
620 1900 789 1960 atque
823 1908 892 1948 ea
914 1898 1076 1947 modo
1101 1908 1228 1946 cum
1253 1898 1434 1947 animo
1456 1897 1674 1962 hahere,
1714 1899 1907 1962 quihus

151 1987 436 2048 Hiempsal
473 2000 576 2049 per
612 1986 801 2037 dolum
836 1987 1140 2050 caperetur.
1211 1983 1367 2049 Quae
1402 1988 1494 2037 uhi
1529 1986 1736 2037 tardius
1778 1999 1907 2049 pro-

153 2076 373 2127 cedunt.
390 2088 570 2140 neque
604 2076 808 2129 lenitur
843 2078 1056 2127 animus
1090 2077 1265 2140 ferox,
1302 2076 1496 2126 statuit
1520 2075 1718 2137 quovis
1747 2079 1907 2127 modo

153 2167 433 2228 inceptum
468 2165 745 2227 perficere.
1917 2169 1985 2220 20

264 2253 349 2304 12.
381 2254 560 2305 Primo
597 2257 901 2321 conventu,
953 2265 1113 2317 quem
1148 2255 1216 2304 ab
1255 2254 1465 2319 regulis
1500 2253 1704 2304 factum
1741 2265 1908 2316 supra

152 2343 489 2405 memoravi,
543 2345 768 2404 propter
817 2343 1208 2393 dissensionem
1252 2342 1540 2403 placuerat
1573 2343 1745 2391 dividi
1784 2343 1909 2391 the-

156 2440 358 2480 sauros
394 2428 620 2490 flnisque
653 2431 844 2492 imperi
883 2430 1116 2495 singulis
1150 2431 1425 2479 constitui.
1469 2431 1663 2492 Itaque
1697 2432 1909 2491 tempus

158 2516 233 2567 ad
259 2516 542 2578 utramque
573 2528 687 2566 rem
721 2517 1046 2585 decernitur,
1085 2517 1182 2568 sed
1218 2519 1484 2566 maturius
1519 2517 1587 2566 ad
1623 2518 1907 2579 pecuniam

154 2604 610 2654 distribuendam.
680 2605 876 2667 Reguli
922 2608 1136 2656 interea
1182 2607 1240 2654 in
1286 2605 1411 2655 loca
1446 2605 1751 2667 propinqua
1785 2605 1982 2662 the-25

156 2694 343 2744 sauris
376 2691 519 2742 alius
562 2693 674 2743 alio
728 2703 1065 2744 concessere.
1137 2695 1245 2743 Sed
1289 2691 1574 2754 Hiempsal
1616 2694 1672 2740 in
1710 2694 1909 2757 oppido

156 2780 444 2833 Thirmida
477 2782 626 2832 forte
660 2783 779 2832 eius
804 2783 964 2831 domo
990 2783 1271 2849 utebatur,
1306 2783 1399 2845 qui
1424 2792 1721 2844 proxumus
1744 2780 1910 2831 lictor

157 2871 457 2936 Iugurthae
495 2883 656 2923 carus
691 2872 1060 2933 acceptusque
1103 2873 1157 2921 ei
1195 2882 1418 2932 semper
1467 2871 1686 2931 fuerat3
1745 2880 1905 2931 quem

265 3129 298 3165 1.
335 3138 545 3166 convena-0
579 3127 627 3166 V.
654 3126 707 3165 K.
737 3147 782 3158 —
834 3127 892 3164 uei
929 3125 981 3164 Κ.
1010 3147 1055 3155 -
1105 3126 1145 3164 3.
1187 3127 1308 3164 eciam
1345 3126 1395 3164 V.
1425 3146 1471 3156 —
1520 3125 1557 3164 5.
1602 3125 1743 3164 dea-tm
1780 3125 1830 3164 V.
1859 3146 1906 3156 —

160 3200 199 3236 7.
240 3197 302 3234 uta·
324 3195 377 3233 Κ.
408 3215 453 3225 -
502 3195 541 3234 8.
585 3196 627 3231 u‘n
665 3194 831 3233 alea-un·
865 3197 1021 3243 parom
1057 3192 1108 3230 V.
1137 3213 1182 3225 --
1235 3193 1298 3232 1⁰.
1340 3191 1471 3242 iacit]
1510 3194 1570 3231 sie
1609 3193 1743 3232 Turic.
1782 3192 1833 3233 V.
1861 3214 1908 3223 —

163 3266 226 3303 1³.
256 3262 377 3314 [Ιιίσ]
401 3262 526 3301 tribus
551 3263 603 3303 θ.
633 3284 679 3294 -
730 3262 791 3302 1⁴.
822 3262 1032 3311 adoptione
1054 3261 1102 3298 V.
1133 3282 1179 3291 —
1231 3262 1294 3307 17,
1339 3261 1455 3312 cunt]
1483 3263 1526 3300 in
1552 3261 1601 3300 V.
1631 3281 1677 3292 -—
1731 3262 1791 3301 18,
1832 3273 1908 3310 ρο·

164 3333 296 3371 dol-m
319 3331 529 3379 Hiempsal
550 3331 602 3370 V.
634 3352 679 3363 -
728 3330 792 3370 w.
822 3329 1006 3370 sect-eur
1029 3329 1142 3368 doato
1167 3330 1218 3368 V.
