2525 3925
543 350 647 399 298
1079 345 1443 397 ΕΡΙΤΟΜΔΕ
1477 346 1537 397 Τ.
1576 344 1759 396 mvn

543 496 686 544 nites
741 492 926 543 uultis
976 492 1204 554 proeliis
1253 492 1423 559 fudit,
1489 491 1704 554 aliquot
1754 490 1985 553 populos
2042 493 2259 553 recepit
2272 506 2289 555 3

547 582 874 645 quantisque
908 593 1035 630 raro
1073 583 1349 643 quisquam
1393 580 1535 629 alius
1570 585 1699 629 ante
1742 580 2084 629 consulatum
2124 583 2291 630 rebus

543 671 745 737 gestis,
776 670 844 721 ad
882 670 1203 733 petitionem
1251 668 1564 717 consulatus
1600 668 1823 717 Romam
1865 673 1950 717 est
1986 667 2287 731 profectus,

1145 838 1380 889 Liber
1430 836 1673 887 LXXVI.

497 944 528 993 5
647 948 714 996 A.
751 944 1012 996 Gabinius
1058 944 1277 1009 legatus
1323 946 1487 994 rebus
1535 946 1799 993 adversus
1844 945 2103 995 Lucanos
2154 954 2289 1006 pro-

538 1046 698 1098 spere
733 1036 932 1102 gestis,
985 1038 1041 1083 et
1079 1032 1327 1095 plurimis
1370 1033 1581 1094 oppidis
1623 1035 1979 1095 expugnatis,
2032 1035 2089 1081 in
2133 1034 2286 1083 obsi—

539 1123 700 1172 dione
751 1126 1050 1171 castrorum
1101 1120 1383 1170 hostilium
1434 1121 1649 1169 cecidit.
1733 1120 2008 1181 Sulpicius
2060 1120 2285 1183 legatus

535 1210 879 1258 Marrucinos
936 1208 1160 1273 cecidit,
1217 1212 1495 1270 totamque
1547 1220 1664 1257 eam
1714 1210 1999 1270 regionem
2053 1210 2283 1271 recepit.

537 1294 632 1346 Cn.
670 1297 954 1358 Pompeius
1001 1296 1292 1359 proconsul
1330 1297 1591 1347 Vestinos
1640 1300 1696 1347 et
1731 1296 1992 1360 Pelignos
2026 1299 2085 1346 in
2125 1298 2283 1347 dedi-

461 1374 743 1434 10tionem
791 1387 1024 1448 accepit.
1096 1387 1263 1435 Marsi
1312 1397 1551 1450 quoque,
1600 1399 1635 1437 a
1671 1387 1733 1436 L.
1772 1388 2003 1436 Murena
2045 1388 2103 1435 et
2140 1382 2281 1435 Cae·-

533 1472 662 1522 eilio
697 1472 869 1523 Pinna
899 1473 1100 1538 legatis
1136 1473 1346 1537 aliquot
1381 1474 1606 1537 proeliis
1642 1476 1823 1539 fracti,
1862 1477 2053 1535 petere
2088 1486 2281 1536 pacem

531 1566 844 1622 coeperunt.
917 1561 1172 1612 Asculum
1215 1575 1250 1613 a
1291 1559 1385 1610 Cn.
1422 1564 1675 1624 Pompeio
1713 1564 1933 1622 captum
1970 1566 2092 1628 est,
2149 1568 2345 1612 cae-⁶⁶2·

529 1650 608 1699 sis
653 1653 710 1699 et
755 1663 788 1700 a
831 1651 1000 1700 Mam.
1033 1650 1269 1699 Aemilio
1317 1649 1505 1713 legato
1554 1649 1779 1701 Italicis.
1849 1651 1967 1700 Silo
2006 1650 2279 1713 Pompae-

529 1735 650 1786 dius
689 1736 794 1787 dux
832 1740 1164 1803 Marsorum,
1203 1741 1397 1787 auctor
1432 1739 1588 1787 liuius
1623 1739 1736 1803 rei,
1776 1739 1833 1786 in
1869 1738 2085 1800 proelio
2126 1740 2279 1789 ceei-

456 1820 624 1877 15dit.
695 1828 1102 1878 Ariobarzanes
1149 1824 1558 1890 Cappadociae,
1610 1826 1935 1877 Nicomedes
1984 1828 2279 1890 Bithyniae

527 1925 698 1977 regno
747 1926 782 1964 a
825 1916 1139 1966 Mithridate
1182 1915 1342 1966 Ponti
1390 1926 1525 1980 rege
1570 1915 1714 1977 pulsi
1763 1918 1907 1964 sunt.
1978 1914 2277 1967 Praeterea

523 2003 861 2054 incursiones
915 2004 1181 2054 Thracum
1238 2006 1295 2052 in
1342 2004 1719 2055 Macedoniam
1776 2004 2275 2068 populationesque

526 2092 787 2140 continet.

1122 2227 1307 2279 Libe
1328 2239 1355 2277 r
1406 2227 1675 2278 Lxxvn.

447 2327 515 2380 20
631 2326 766 2382 Cum
804 2331 861 2382 P.
899 2331 1178 2396 Sulpicius
1227 2336 1475 2385 tribunus
1518 2333 1692 2397 plebis
1726 2337 1953 2385 auctore
1992 2332 2052 2385 C.
2092 2337 2345 2387 Marioefiss

522 2423 861 2483 perniciosas
896 2422 1051 2486 leges
1087 2423 1504 2488 promulgasset,
1543 2427 1646 2474 «ut
1674 2422 1892 2472 exsules
1928 2435 2270 2474 revocaren—

521 2512 610 2558 tur
646 2514 703 2560 et
737 2513 868 2560 novi
908 2512 1062 2561 cives
1098 2512 1452 2573 libertinique
1489 2513 1942 2562 distribuerentur
1977 2514 2031 2560 in
2073 2513 2268 2574 tribus,

519 2601 576 2647 et
617 2603 673 2647 ut
711 2596 768 2648 C.
795 2601 1003 2650 Marius
1037 2602 1303 2650 adversus
1339 2599 1707 2650 Mithridatem
1742 2600 1898 2649 Ponti
1934 2613 2121 2666 regem
2158 2601 2268 2650 dux

517 2690 868 2753 crearetur,»
912 2691 968 2736 et
1010 2688 1427 2737 adversantibus
1468 2687 1780 2738 consulibus
1814 2684 1877 2751 Q.
1914 2687 2175 2748 Pompeio
2212 2693 2267 2738 et

439 2769 582 2824 251..
620 2775 810 2826 Sullae
865 2777 973 2826 vim
1015 2775 1323 2838 intulisset,
1376 2777 1561 2825 occiso
1610 2770 1675 2838 0.
1715 2776 1969 2836 Pompeio
2017 2776 2265 2826 consulis

513 2861 658 2926 filio,
709 2875 914 2926 genero
949 2863 1170 2930 Sullae,
1220 2864 1285 2913 L.
1328 2863 1486 2912 suna
1532 2862 1723 2913 consul
1762 2875 1880 2914 cum
1918 2867 2169 2914 exercitu
2206 2867 2261 2914 in

515 2951 704 3000 urbem
747 2953 930 3019 venit,
981 2956 1036 3001 et
1085 2953 1351 3001 adversus
1403 2953 1692 3002 factionem
1733 2953 1963 3016 Sulpicii
1999 2957 2056 3003 et
2093 2954 2261 3004 Marii

511 3035 570 3084 in
604 3036 723 3098 ipsa
760 3038 890 3088 urbe
925 3041 1206 3106 pugnavit,
1241 3052 1474 3102 eamque
1508 3038 1753 3105 expulit3
1801 3053 1868 3090 ex
1904 3053 2012 3104 qua
2048 3041 2258 3092 duode-

609 3264 671 3305 n.
707 3264 861 3317 mm]
897 3265 974 3304 Po·-
999 3267 1194 3318 sigosin-
1227 3275 1271 3309 et
1294 3269 1547 3311 eronovius.
1580 3289 1631 3300 -
1670 3275 1809 3320 potue
1840 3281 1981 3321 pam
2014 3271 2257 3326 οοφσιιιε]

510 3332 640 3376 voda.
667 3335 824 3386 optimi.
858 3345 1000 3385 pacm
1030 3337 1228 3386 paim
1263 3337 1414 3389 Vulgo,
1441 3337 1743 3380 Drakenborch.
