2525 3925
614 335 724 385 172
1160 332 1216 384 G.
1256 335 1555 386 SALUS'H
1587 329 1816 385 cmsm

1062 965 1066 969 .
1162 896 1808 975 ORATIO

786 1103 862 1165 C.
896 1101 1169 1165 LICINI
1206 1103 1489 1167 MAcm
1538 1103 1670 1168 ΤΒ.
1708 1105 1838 1166 PL.
1878 1104 2000 1166 AD
2042 1105 2184 1168 1²11.

708 1457 797 1518 Si,
834 1452 1108 1521 Quirites,
1144 1468 1334 1518 parum
1367 1457 1807 1517 existumarem,
1846 1454 1973 1517 quid
2011 1456 2162 1504 inter
2203 1458 2288 1505 ius
2320 1469 2348 1504 a

604 1544 895 1593 maioribus
936 1541 1188 1593 relictum
1227 1545 1384 1594 vobis
1423 1545 1478 1592 et
1521 1543 1623 1592 hoc
1659 1556 1694 1593 a
1730 1542 1888 1592 Sulla
1931 1547 2196 1604 paratum
2235 1557 2346 1593 ser-

603 1631 795 1679 vitium
832 1632 1143 1696 interesset,
1178 1631 1364 1680 multis
1399 1631 1531 1679 mihi
1569 1631 1944 1679 disserendum
1981 1632 2108 1696 fuit,
2149 1629 2346 1681 docen-

604 1719 792 1781 dique,
848 1731 981 1780 quas
1022 1721 1090 1768 ob
1138 1719 1368 1768 iniurias
1403 1723 1460 1768 et
1497 1719 1748 1781 quotiens
1784 1731 1819 1766 a
1854 1719 2103 1779 patribus
2140 1725 2346 1769 armata

565 1802 784 1868 5plebes
808 1808 1125 1856 secessisset
1158 1808 1346 1868 utique
1383 1807 1629 1855 vindices
1665 1807 1974 1867 paravisset
2011 1807 2190 1855 omnis
2217 1809 2344 1856 iuris

598 1896 684 1943 sui
729 1896 973 1944 tribunos
1016 1894 1213 1955 plebei.
1297 1895 1456 1950 Nunc
1494 1893 1705 1944 hortari
1748 1893 1905 1942 modo
1945 1893 2228 1955 reliquum
2269 1897 2342 1943 est

600 1984 656 2031 et
690 1984 771 2031 ire
809 1985 1037 2044 primum
1074 1986 1198 2050 via,
1249 1996 1356 2045 qua
1393 1984 1780 2045 capessundam
1832 1982 2073 2032 arbitror
2114 1982 2341 2033 liberta-

596 2073 719 2118 tem.
790 2070 983 2132 Neque
1021 2083 1110 2121 me
1151 2060 1439 2136 praeterit,
1472 2073 1700 2133 quantas
1737 2082 1868 2132 opes
1905 2069 2214 2121 nobilitatis
2254 2084 2340 2120 so-

596 2154 712 2222 lus,
748 2158 1027 2221 inpotens,
1074 2158 1225 2207 inani
1261 2160 1448 2217 specie
1490 2160 1872 2220 magistratus,
1915 2157 2128 2219 pellere
2164 2159 2339 2207 domi-

522 2237 588 2288 10
600 2243 818 2292 natione
856 2245 1129 2311 incipiam,
1166 2248 1477 2308 quantoque
1505 2247 1672 2295 tutius
1706 2246 1875 2295 factio
1899 2245 2187 2295 noxiorum
2214 2250 2338 2310 agat

594 2341 751 2393 quam
787 2331 893 2381 soli
926 2332 1259 2383 innocentes,
1332 2334 1440 2384 Sed
1475 2335 1693 2397 praeter
1728 2344 1876 2395 spem
1912 2334 2109 2407 bonam
2136 2344 2208 2382 ex
2241 2346 2337 2382 vo-

594 2421 705 2485 bis,
759 2432 897 2482 quae
935 2425 1134 2471 metum
1170 2422 1335 2489 vicit,
1388 2423 1557 2473 statui
1606 2420 1918 2470 certaminis
1955 2420 2197 2470 advorsa
2243 2434 2336 2483 pro

586 2506 847 2559 libertate
881 2511 1097 2570 potiora
1122 2523 1244 2560 esse
1276 2510 1409 2561 forti
1445 2512 1566 2559 viro
1604 2520 1766 2570 quam
1806 2509 2021 2557 omnino
2057 2519 2169 2557 non
2209 2520 2330 2559 cer-

592 2597 815 2646 tavisse.
889 2593 1219 2659 Quamquam
1258 2609 1444 2647 omnes
1480 2596 1578 2647 alii
1623 2596 1797 2646 creati
1839 2609 1938 2656 pro
1983 2598 2107 2646 iure
2148 2600 2334 2647 vestro

553 2681 708 2734 5vim
743 2688 992 2734 cunctam
1016 2688 1073 2734 et
1094 2686 1320 2747 imperia
1349 2697 1449 2733 sua
1470 2685 1653 2746 gratia
1687 2686 1782 2734 aut
1815 2696 1914 2745 spe
1951 2686 2044 2733 aut
2078 2688 2334 2746 praemiis

589 2772 646 2820 in
671 2785 775 2821 vos
799 2777 1127 2822 convortere
1160 2772 1462 2833 meliusque
1495 2771 1697 2821 habent
1725 2771 1974 2821 mercede
2013 2771 2330 2836 delinquere

592 2870 753 2921 quam
788 2860 962 2925 gratis
994 2860 1148 2911 recte
1185 2861 1391 2910 facere.
1442 2860 1632 2921 ltaque
1655 2872 1844 2909 omnes
1870 2870 2197 2912 concessere
2221 2863 2328 2912 iam

590 2947 645 2993 in
671 2958 965 3007 paucorum
992 2948 1433 3014 dominationem,
1458 2947 1548 3009 qui
1569 2959 1670 3009 per
1689 2948 1927 3001 militare
1946 2959 2144 2999 nomen
2168 2961 2330 3001 aera-

685 3169 723 3197 s.
764 3158 811 3199 0.
840 3157 1020 3197 Ltcnvl
1052 3159 1274 3212 MAch
1309 3160 1502 3201 MAcm
1527 3162 1575 3201 V.
1615 3161 1681 3201 M.
1711 3162 1893 3202 mem!
1919 3164 1969 3202 G.
2007 3183 2058 3191 —
2107 3165 2148 3203 8.
2187 3166 2327 3203 doeen-

587 3225 734 3277 dique]
759 3226 809 3269 V,
839 3226 1127 3281 docmdumque
1153 3230 1202 3269 G.
1245 3251 1291 3257 -
1339 3228 1365 3268 6
1412 3228 1571 3279 plebei]
1598 3230 1679 3270 1²1..
1709 3230 1755 3270 V.
1779 3230 1907 3281 plobiae
1933 3231 1982 3271 G.
2021 3252 2068 3261 —
2123 3233 2186 3272 1³.
2219 3237 2325 3283 poti-

588 3306 655 3333 ore
679 3294 727 3332 V.
764 3317 806 3326 -
