2525 3925
528 338 636 391 258
1065 326 1427 385 Erffomn
1460 330 1521 383 'l'-
1554 326 1737 382 mvn

531 488 620 535 tor
666 494 701 533 a
749 478 1039 533 Celtiberis
1088 492 1209 531 cum
1259 480 1506 530 exercitu
1557 486 1749 529 caesus
1794 476 1897 527 est.
1967 474 2191 527 Attalus
2234 488 2273 527 a

530 569 728 622 ’.i'hebis
783 572 850 621 ob
905 571 1137 621 subitam
1189 567 1556 619 valetudinem
1600 566 1917 629 Pergamum
1964 564 2275 616 translatus

531 659 782 709 decessit.
852 658 964 708 Pax
997 657 1207 719 petenti
1240 654 1513 718 Philippo,
1560 652 1829 705 Graeciae
1864 653 2095 704 libertas
2138 652 2345 708 datassa

531 747 633 797 est.
701 747 766 796 L.
806 745 1005 795 Furius
1050 745 1331 806 Purpureo
1380 744 1437 792 et
1484 738 1743 791 Claudius
1781 740 2087 791 Marcellus
2133 752 2272 791 con-

488 824 685 885 5sules
722 833 886 883 Boios
923 834 981 883 et
1019 832 1277 883 Insubres
1320 828 1514 881 Gallos
1550 830 1895 893 subegerunt.
1966 827 2271 879 Marcellus

531 920 894 983 triumphavit.
966 919 1237 970 Hannibal
1282 919 1488 968 frustra
1529 918 1585 965 in
1620 918 1815 967 Africa
1862 915 2063 967 bellum
2106 916 2271 966 moli-

530 1012 650 1075 tus,
699 1007 755 1056 et
789 1008 857 1058 ob
893 1008 997 1056 boc
1031 1007 1290 1056 Romanis
1324 1018 1424 1067 per
1459 1003 1722 1066 epistolas
1757 1005 2027 1054 adversae
2067 1005 2273 1055 factio-

527 1097 614 1145 n-is
649 1096 953 1157 principum
989 1092 1218 1157 delatus,
1270 1094 1495 1156 propter
1528 1095 1726 1142 metum
1760 1092 2141 1156 Romanorum,
2177 1094 2271 1155 qui

530 1180 750 1243 legatos
786 1179 857 1231 ad
897 1181 1433 1243 Karthaginiensium
1466 1184 1711 1231 senatum
1757 1182 1825 1230 de
1872 1192 1937 1231 eo
1984 1181 2272 1251 miserant,

451 1260 520 1311 10
531 1268 798 1333 profugus
832 1267 902 1319 ad
934 1265 1260 1318 Antiochum
1303 1280 1489 1332 regem
1524 1269 1726 1332 Syriae
1762 1281 1823 1319 se
1860 1266 2115 1336 contulit,
2152 1266 2347 1319 bel-⁵⁵9

528 1355 641 1406 lum
678 1358 870 1409 contra
903 1357 1181 1409 Romanos
1218 1359 1517 1421 parantem.

1134 1512 1373 1563 Liber
1419 1512 1663 1563 mlv.

627 1621 746 1671 Lex
787 1620 992 1685 Oppia,
1041 1633 1199 1685 quam
1252 1617 1312 1670 C.
1350 1618 1551 1682 oppius
1605 1621 1852 1670 tribunus
1899 1618 2075 1682 plebis
2121 1620 2270 1671 bello

528 1710 732 1759 Punico
775 1711 842 1759 de
889 1709 1138 1759 finiendis
1173 1713 1544 1759 matronarum
1580 1706 1817 1758 cultibus
1864 1707 2091 1773 tulerat,
2149 1721 2272 1760 cum

455 1787 517 1839 15
530 1808 726 1861 magna
759 1799 1108 1847 contentione
1147 1797 1415 1861 abrogata
1449 1797 1562 1860 est,
1603 1809 1724 1845 cum
1754 1796 1829 1845 Μ.
1864 1796 2091 1847 Porcius
2131 1794 2271 1847 Cato

527 1887 722 1935 auctor
757 1884 970 1951 fuisset,
1010 1896 1080 1933 ne
1115 1896 1184 1934 ea
1223 1884 1315 1932 lex
1354 1882 1684 1933 aboleretur.
1756 1886 1809 1933 Is
1851 1885 1909 1932 in
1944 1886 2267 1947 Hispaniam

525 1973 809 2036 profectus
859 1972 1038 2038 bello,
1095 1971 1237 2036 quod
1273 1971 1543 2034 Emporiis
1593 1984 1753 2021 orsus
1788 1976 1902 2036 est,
1953 1974 2269 2024 citeriorem

525 2059 842 2120 Hispaniam
893 2061 1130 2121 pacavit.
1215 2061 1280 2108 Τ.
1328 2055 1613 2121 Quinctius
1666 2058 2006 2110 Flamininus
2064 2061 2263 2112 bellum

527 2144 792 2194 adversus
825 2145 1285 2196 Lacedaemonios
1334 2150 1391 2195 et
1439 2149 1730 2208 tyrannum
1772 2160 1961 2199 eorum
1998 2147 2265 2200 Nabidem

369 2225 382 2234 “
448 2227 516 2276 80
526 2239 790 2292 prospere
813 2235 1058 2298 gestum,
1090 2232 1218 2282 data
1245 2233 1316 2281 iis
1345 2244 1480 2294 pace
1506 2234 1719 2297 qualem
1742 2237 1860 2298 ipse
1888 2234 2092 2304 voluit,
2122 2236 2266 2288 libe-

523 2317 770 2380 ratisque
803 2318 971 2379 Argis
1017 2320 1110 2380 qui
1155 2321 1255 2372 sub
1301 2321 1515 2370 dicione
1565 2323 1788 2384 tyranni
1831 2327 2017 2386 erant,
2066 2325 2265 2377 finivit.

523 2403 759 2454 Senatus
807 2407 936 2456 tunc
983 2408 1211 2469 primum
1259 2411 1503 2460 secretus
1538 2421 1575 2460 a
1607 2410 1807 2473 populo
1848 2410 2005 2461 ludos
2039 2417 2267 2475 specta-

522 2491 635 2542 vit:
685 2493 744 2542 ut
786 2491 844 2540 ld
889 2491 1074 2558 fleret,
1123 2495 1250 2546 Sex.
1305 2496 1497 2546 Aelius
1543 2499 1741 2548 Paetus
1786 2501 1843 2550 et
1880 2496 1940 2548 C.
1974 2495 2267 2554 Cornelius

522 2574 796 2642 Cethegus
831 2590 1088 2630 censores
1117 2582 1533 2634 intervenerunt
1569 2596 1690 2634 eum
1722 2585 2098 2649 indignatione
2136 2588 2265 2650 ple-

443 2663 512 2718 25
526 2663 626 2716 bis.
714 2663 978 2716 Coloniae
1030 2667 1323 2730 pleraeque
1374 2671 1636 2721 deductae
1685 2675 1829 2724 sunt.
1908 2675 1985 2722 Μ.
2030 2675 2263 2728 Porcius

519 2747 658 2802 Cato
705 2752 776 2802 de
819 2752 1083 2816 Hispania
1131 2757 1500 2820 triumphavit.
1569 2758 1681 2810 Res
1721 2763 2012 2823 praeterea
2056 2761 2117 2810 in
2156 2763 2259 2812 Hi-

515 2839 710 2900 spania
755 2842 814 2890 et
859 2842 1124 2892 adversus
1160 2844 1323 2893 Boios
1372 2847 1429 2894 et
1470 2846 1727 2896 Insubres
1778 2846 1970 2898 Gallos
2014 2849 2259 2904 feliciter

517 2927 710 2986 gestae
757 2927 1084 2978 referuntur.
1153 2930 1212 2978 Τ.
1255 2926 1541 2993 Quinctius
1575 2932 1941 2996 Flamininus,
1990 2939 2081 2998 qui
2126 2940 2343 2998 Phi-5⁶0

515 3006 720 3070 lippum
753 3012 1110 3063 Macedonum
1153 3027 1343 3079 regem
1384 3019 1439 3067 et
1474 3016 1741 3070 Nabidem
1785 3022 2253 3077 Lacedaemonio-

443 3095 514 3149 30'
523 3103 645 3146 rum
695 3097 989 3158 tyrannum
1036 3103 1252 3154 vicerat
1291 3107 1685 3170 Graeciamque
1722 3121 1933 3162 omnem
1974 3111 2255 3166 liberave-

516 3185 639 3247 rat,
683 3185 751 3236 ob
789 3185 929 3237 hanc
961 3201 1144 3241 rerum
1188 3195 1466 3255 gestarum
1500 3194 1896 3249 multitudinem
1934 3199 2112 3251 triduo
2150 3203 2254 3252 tri-

517 3269 815 3334 umphavit.
883 3274 1082 3342 Legati
1115 3278 1653 3346 Karthaginiensium
1686 3288 2074 3340 nuntiaverunt
2096 3288 2251 3342 llan-
