2525 3925
515 328 628 380 284
1056 324 1427 381 Em'mffl
1458 328 1519 378 Τ.
1552 328 1627 380 m
1634 328 1735 379 vu

1171 546 1408 597 Liber
1456 546 1600 596 mx.

620 665 940 716 Numantini
973 664 1118 715 fame
1153 664 1335 713 coacti
1379 664 1487 725 ipsi
1520 675 1585 713 se
1632 674 1729 726 per
1763 666 1943 715 vicem
1980 666 2330 717 tradentesw

517 755 946 805 trucidaverunt.
1015 748 1244 814 captam
1277 753 1465 801 urbem
1498 752 1685 815 Scipio
1718 751 2013 803 Africanus
2048 753 2267 803 delevit

517 846 576 891 et
609 844 676 891 de
707 852 774 891 ea
813 839 1180 904 triumphavit,
1215 842 1413 901 quarto
1446 840 1657 889 decimo
1693 850 1835 889 anno
1869 844 1991 903 post
2016 841 2265 891 Kartha-

477 928 700 993 5ginem
735 927 986 979 deletam.
1055 926 1113 975 P.
1148 926 1405 988 Rupilius
1440 925 1635 977 consul
1674 927 1734 976 in
1768 928 1964 978 Sicilia
2006 940 2135 979 cum
2170 930 2330 979 fu-tn

511 1017 708 1081 gitivis
731 1015 1044 1067 debellavit.
1079 1014 1425 1065 Aristonicus
1448 1014 1595 1077 regis
1617 1013 1873 1065 Eumenis
1895 1014 2045 1067 filius
2066 1019 2263 1067 Asiam

512 1106 831 1167 occupavit,
883 1115 1004 1153 cum
1040 1106 1367 1153 testamento
1404 1101 1576 1153 Attali
1621 1104 1771 1167 regis
1816 1103 2005 1168 legata
2052 1106 2264 1167 populo

511 1192 760 1242 Romano
801 1189 983 1240 libera
1025 1200 1150 1239 esse
1193 1188 1433 1241 deberet.
1514 1188 1797 1241 Adversus
1836 1202 1959 1241 eum
1999 1192 2059 1241 P.
2104 1193 2329 1242 Lici-⁶2³

513 1282 636 1329 nius
663 1276 896 1329 Crassus
921 1276 1148 1343 consul,
1181 1278 1476 1327 cumidem
1510 1279 1757 1341 pontifex
1790 1281 2061 1329 maximus
2092 1285 2263 1343 esset,

436 1367 657 1431 1ot1uod
701 1379 973 1429 nunquam
1007 1370 1176 1416 antea
1211 1366 1417 1417 factum
1452 1370 1603 1432 erat,
1658 1373 1817 1417 extra
1852 1367 2067 1417 Italiam
2124 1381 2263 1429 pro-

515 1457 726 1517 fectus,
791 1453 1004 1519 proelio
1057 1455 1240 1504 victus
1292 1457 1351 1503 et
1402 1455 1618 1505 occisus
1674 1458 1774 1505 est.
1858 1454 1933 1503 Μ.
1977 1456 2327 1517 Perpernam*

512 1542 704 1595 consul
746 1545 954 1594 victum
985 1542 1355 1593 Aristonicum
1400 1542 1459 1591 in
1502 1539 1835 1593 deditionem
1880 1547 2117 1605 accepit.
2191 1540 2328 1607 052³

511 1632 802 1694 Pompeius
853 1635 910 1681 et
960 1626 1026 1695 Q.
1083 1629 1377 1692 Metellus,
1436 1634 1565 1681 tunc
1619 1630 1849 1691 primum
1902 1636 2133 1695 uterque
2189 1646 2263 1683 ex

513 1718 674 1783 plebe
711 1720 848 1772 facti
881 1729 1172 1781 censores,
1207 1717 1438 1769 lustrum
1475 1717 1867 1769 condiderunt:
1922 1730 2095 1769 censa
2128 1724 2265 1769 sunt

434 1809 500 1860 15
516 1808 716 1859 civium
757 1808 943 1870 capita
989 1810 1232 1863 trecenta
1277 1807 1657 1869 septemdecim
1704 1806 1883 1868 milia,
1936 1808 2263 1871 octingenta

507 1897 708 1962 viginti
757 1897 894 1959 tria,
951 1900 1172 1958 praeter
1218 1894 1459 1957 pupillos
1506 1899 1563 1944 et
1608 1895 1821 1953 viduas.
1891 1891 1957 1960 Q.
1994 1895 2263 1947 Metellus

509 1996 704 2035 censor
757 1986 1000 2046 censuit,
1063 1986 1122 2033 ut
1173 1995 1365 2034 omnes
1419 1989 1751 2048 cogerentur
1801 1985 2002 2035 ducere
2054 1996 2259 2036 uxores

509 2073 799 2122 liberorum
837 2070 1191 2123 creandorum
1227 2084 1411 2122 causa.
1482 2071 1676 2123 Exstat
1708 2073 1886 2122 oratio
1922 2075 2060 2136 eius,
2096 2085 2259 2135 quam

508 2160 787 2222 Augustus
820 2155 1027 2210 Caesar
1073 2171 1198 2208 cum
1247 2161 1317 2209 de
1360 2159 1681 2210 maritandis
1722 2161 2001 2212 ordinibus
2040 2165 2259 2226 ageret,

434 2246 503 2298 20
515 2246 670 2296 velut
717 2247 776 2296 in
826 2245 963 2297 haec
1013 2250 1265 2308 tempora
1314 2248 1575 2310 scriptam
1626 2250 1685 2298 in
1734 2253 1929 2299 senatu
1976 2251 2259 2300 recitavit.

513 2333 582 2384 C.
616 2334 835 2386 Atinius
876 2335 1061 2386 Labeo
1112 2335 1361 2385 tribunus
1404 2335 1583 2398 plebis
1618 2331 1685 2400 Q.
1722 2335 2003 2388 Metellum
2054 2340 2327 2388 censo-wi

509 2437 646 2491 rem,
679 2437 714 2476 a
747 2436 854 2486 quo
889 2425 946 2474 in
981 2426 1176 2474 senatu
1209 2423 1445 2488 legendo
1483 2427 1811 2487 praeteritus
1843 2428 1981 2489 erat,
2018 2427 2087 2476 de
2121 2436 2261 2476 saxo

510 2513 678 2564 deiici
723 2513 885 2564 iussit
901 2526 922 2576 3
973 2511 1116 2575 quod
1149 2524 1221 2562 ne
1251 2513 1440 2573 fieret,
1492 2513 1665 2564 ceteri
1702 2513 1905 2564 tribuni
1938 2511 2121 2576 plebis
2154 2527 2262 2564 au·

509 2601 646 2653 xiiio
693 2601 932 2652 fuerunt.
1002 2597 1134 2652 Cum
1166 2597 1345 2652 Carbo
1395 2601 1640 2652 tribunus
1688 2601 1865 2664 plebis
1911 2602 2263 2665 rogationem

431 2683 498 2736 25
513 2690 732 2742 tulisset
765 2692 827 2740 ut
856 2687 1084 2740 eundem
1120 2690 1393 2742 tribunum
1426 2688 1571 2752 plebi
1588 2723 1605 2754 ,
1639 2690 1853 2764 quoties
1883 2688 2055 2740 vellet
2072 2725 2089 2753 ‚
2132 2702 2262 2740 cre-

505 2791 604 2831 are
645 2778 872 2844 liceret,
923 2778 1264 2844 rogationem
1316 2778 1437 2828 eius
1482 2778 1543 2827 P.
1576 2779 1874 2828 Afflcanus
1918 2778 2263 2842 gravissima

505 2868 754 2918 oratione
787 2866 1082 2926 dissuasit3
1119 2867 1178 2914 iu
1213 2878 1320 2928 qua
1352 2867 1489 2918 dixit
1512 2866 1595 2916 Τί.
1623 2866 1931 2917 Gracchum
1965 2865 2087 2916 iure
2122 2879 2259 2918 cae-

505 2967 624 3004 sum
657 2955 850 3004 videri.
917 2951 976 3004 C.
1001 2953 1284 3005 Gracchus
1322 2958 1515 3004 contra
1546 2955 1721 3004 suasit
1744 2955 2121 3018 rogationem:
2158 2956 2262 3006 sed

506 3043 694 3104 Scipio
728 3043 918 3092 tenuit.
987 3039 1144 3092 Bella
1177 3043 1323 3092 inter
1362 3041 1689 3094 Antiochum
1725 3044 1927 3104 syriae
1956 3048 2013 3092 et
2045 3042 2259 3093 Phraa-

431 3128 499 3177 3⁰
513 3134 618 3180 tem
659 3129 984 3179 Parthorum
1035 3142 1224 3192 regem
1276 3134 1465 3194 gesta,
1519 3141 1621 3180 nec
1672 3132 1848 3194 magis
1892 3132 2112 3192 quietae
2159 3144 2256 3183 res

506 3219 754 3280 Aegypti
803 3217 1134 3268 referuntur.
1217 3217 1560 3268 Ptolemaeus
1611 3217 1913 3282 Euergetes
1962 3221 2255 3282 cognomi-

506 3308 697 3372 natus,
735 3305 804 3358 ob
840 3303 1065 3356 nimiam
1096 3305 1481 3356 crudelitatem
1512 3306 1630 3358 suis
1660 3307 1906 3374 invisus,
1952 3309 2187 3360 incensa
2218 3319 2257 3358 a
