2525 3925
853 342 1222 399 mmmmm
1255 341 1411 397 CXL.
1894 346 2006 399 295

267 491 579 541 rucinorum
627 492 830 541 occiso.
901 488 960 541 C.
1007 486 1283 543 Caecilius
1329 494 1386 543 in
1426 490 1615 545 Gallia
1646 492 2013 558 'transalpina

271 578 552 631 Salluvios
583 578 917 631 rebellantes
954 582 1106 631 vicit.

877 736 1113 787 Liber
1157 736 1399 786 LXXIV.

376 852 471 904 Gn.
525 856 812 915 Pompeius
861 854 1116 903 Picentes
1173 853 1387 917 proelio
1452 852 1593 903 fudit
1647 856 1703 903 et
1760 853 1974 904 obsedit
1984 869 2006 919 3

268 948 492 1005 propter
527 955 687 1005 quam
724 944 1020 993 victoriam
1056 944 1260 993 Romae
1296 944 1613 1004 praetextae
1650 944 1707 992 et
1736 942 1850 993 alia
1883 948 2049 993 mad

268 1034 593 1095 gistratuum
628 1032 864 1095 insignia
897 1034 1108 1093 sumpta
1141 1035 1283 1082 sunt.
1356 1028 1415 1080 C.
1453 1031 1661 1081 Marius
1698 1042 1819 1080 cum
1856 1034 2009 1081 Mar-

269 1120 350 1169 sis
391 1119 552 1170 dubio
595 1126 794 1169 eventu
835 1120 1113 1183 pugnavit.
1183 1120 1452 1169 Libertini
1488 1122 1599 1168 tum
1641 1119 1869 1181 primum
1906 1120 2012 1168 mi-

270 1206 434 1257 litare
482 1211 792 1269 coeperunt.
861 1208 929 1257 A.
963 1206 1172 1257 Plotius
1217 1207 1435 1271 legatus
1472 1208 1732 1269 Umbros,
1781 1206 1839 1255 [A.
1874 1206 2012 1257 Por·-

269 1296 388 1343 cius
435 1300 658 1355 praetor
701 1298 948 1362 Marsos,
1004 1308 1122 1345 cum
1163 1298 1385 1358 uterque
1428 1293 1659 1357 populus
1699 1293 2013 1361 defecisset,

269 1382 482 1444 proelio
518 1384 785 1434 vicerunt.
857 1384 1184 1433 Nicomedes
1217 1386 1274 1433 in
1316 1383 1628 1445 Bithyniae,
1673 1383 2089 1435 Ariobarza-lo

269 1481 370 1521 nes
408 1472 462 1519 in
500 1468 876 1534 Cappadociae
919 1484 1091 1535 regna
1135 1473 1351 1523 reducti
1385 1474 1526 1521 sunt.
1597 1468 1691 1521 Gn.
1726 1470 2013 1533 Pompeius
2053 1520 2055 1523 ,

271 1559 464 1609 consul
507 1564 724 1611 Marsos
772 1562 893 1611 acie
935 1562 1088 1611 vicit.
1160 1558 1294 1611 Cum
1339 1572 1470 1609 aere
1518 1558 1701 1609 alieno
1748 1570 2015 1622 oppressa

271 1649 422 1697 esset
456 1650 678 1712 civitas,
725 1650 792 1698 Α.
829 1650 1188 1711 Sempronius
1227 1648 1442 1697 Asellio
1478 1649 1716 1710 praetor,
1763 1648 2016 1710 quoniam

271 1738 566 1785 secundum
607 1736 878 1787 debitores
923 1738 1008 1785 ius
1048 1736 1293 1797 dicebat,
1340 1736 1407 1784 ab
1450 1736 1518 1783 iis
1558 1736 1651 1796 qui
1686 1735 2015 1785 fenei-aban-

273 1826 364 1872 ωι-
395 1823 454 1871 in
485 1826 608 1873 foro
637 1826 854 1874 occisus
881 1828 984 1874 est.
1055 1824 1355 1873 Praeterea
1384 1823 1726 1873 incursiones
1748 1822 2012 1875 Thracum
2028 1824 2091 1875 15

271 1913 329 1962 in
363 1912 742 1964 Macedoniam
777 1911 1269 1977 populationesque
1306 1912 1569 1964 eontinet.

903 2087 1133 2138 Liber
1180 2085 1394 2137 LXXV.

380 2209 448 2259 A.
483 2205 786 2256 Postumius
820 2205 1052 2256 Albinus
1089 2205 1307 2270 legatus
1347 2217 1468 2255 cum
1506 2201 1675 2256 classi
1716 2207 2019 2273 praeesset,

278 2295 502 2347 infamis
539 2296 763 2345 crimine
803 2296 1124 2357 proditionis
1159 2298 1227 2345 ab
1269 2295 1515 2344 exercitu
1560 2307 1659 2344 suo
1692 2297 2019 2345 interfectus

278 2388 381 2436 est.
451 2385 516 2434 L.
541 2380 826 2432 Cornelius
863 2381 1020 2432 Sulla
1056 2381 1277 2444 legatus
1308 2383 1579 2431 Samnites
1615 2383 1827 2444 proelio
1862 2382 2095 2443 vicit‚2o

281 2476 340 2524 et
387 2473 514 2522 bina
565 2472 747 2520 castra
795 2483 979 2520 eorum
1025 2471 1377 2532 expugnavit.
1448 2466 1545 2517 Cn.
1581 2469 1866 2530 Pompeius
1900 2466 2021 2518 Ve'-

279 2563 452 2612 stinos
490 2563 546 2609 in
585 2559 912 2609 deditionem
947 2559 1176 2621 accepit.
1246 2557 1309 2606 Ia.
1347 2556 1573 2606 Porcius
1622 2556 1815 2606 consul
1856 2558 2020 2608 rebus

279 2663 543 2716 prospere
577 2650 747 2716 gestis
795 2648 1034 2709 fusisque
1069 2647 1361 2709 aliquoties
1402 2647 1624 2709 Marsis,
1675 2647 1797 2695 dum
1836 2650 2023 2695 castra

281 2751 474 2790 eornm
521 2739 829 2802 expugnat,
884 2737 1115 2786 cecidit:
1173 2747 1240 2784 ea
1290 2747 1382 2785 res
1435 2734 1683 2784 hostibus
1732 2733 2021 2782 victoriam

281 2829 401 2879 eius
457 2827 654 2890 proelii
711 2825 874 2875 dedit.
961 2820 1258 2873 Cosconius
1318 2825 1373 2872 et
1426 2823 1699 2872 Lucceius
1751 2822 2019 2872 Samnites
2032 2827 2095 2878 25

282 2917 406 2966 acie
441 2917 716 2980 vicerunt,
745 2914 983 2962 Marium
1018 2911 1325 2975 Egnatium,
1365 2910 1757 2961 nobilissimum
1788 2909 2022 2960 hostium

282 3005 502 3072 ducem,
547 3003 892 3066 occiderunt,
946 2999 1332 3063 compluraque
1371 3011 1559 3049 eorum
1596 2999 1797 3061 oppida
1831 3001 1885 3048 in
1924 2998 2021 3049 de-

284 3094 545 3144 ditionem
581 3093 924 3154 acceperunt.
995 3090 1060 3140 L.
1095 3087 1251 3139 Sulla
1286 3083 1567 3151 Hirpinos‘
1587 3085 1819 3154 domuit,
1862 3087 2021 3138 Sam-

383 3279 426 3319 6.
452 3277 628 3329 sumpta]
663 3283 866 3328 resumpta
885 3278 1087 3317 Dukerua.
1117 3297 1168 3310 -
1217 3275 1281 3316 18.
1318 3273 1463 3327 clausi]
1487 3275 1741 3316 Vocabulum
1768 3278 2000 3325 corruptum
2010 3285 2025 3320 3

286 3348 380 3398 lego
407 3346 554 3396 eleusi,
592 3347 740 3388 oon-to
765 3348 956 3399 Appiano
979 3347 1030 3388 B.
1059 3346 1107 3388 0.
1139 3347 1177 3395 ¹,
1201 3346 1266 3387 90.
1298 3365 1343 3378 -—-
