2525 3925
568 315 685 368 250
1100 311 1470 366 mirem
1509 313 1572 366 Τ.
1607 313 1790 366 mvn

564 462 659 525 pio
694 461 989 512 Africanus
1034 461 1305 512 incertum
1337 463 1563 514 militari
1598 463 1752 524 prius
1785 461 1982 511 favore
2025 471 2100 511 an
2133 473 2324 525 popu·

565 550 676 601 lari
710 563 847 602 aura
888 553 969 600 ita
1004 551 1452 615 cognominatus:
1500 551 1706 614 primus
1739 554 1896 600 certe
1939 549 2030 600 liic
2075 551 2324 613 impera-

566 643 660 690 tor
686 641 873 691 victae
906 651 943 692 a
978 651 1041 690 se
1072 641 1296 690 nomine
1329 639 1512 703 gentis
1547 639 1870 691 nobilitatus
1905 642 2007 690 est.

1206 786 1437 841 Liber
1487 785 1676 834 xxxi.

525 898 557 948 5
673 893 817 945 Belli
851 893 1115 946 adversus
1146 893 1454 958 Philippum
1487 892 1846 944 Macedoniae
1888 903 2116 961 regem,
2173 893 2378 957 qnod&

562 983 927 1033 intermissum
948 984 1085 1047 erat,
1123 983 1348 1045 repetiti
1382 993 1584 1033 causae
1607 981 1924 1032 referuntur
1957 983 2083 1032 bae.
2154 983 2318 1032 'l'em-

563 1081 697 1134 pore
730 1071 1016 1120 Initiorum
1049 1072 1154 1120 duo
1188 1073 1419 1122 iuvenes
1457 1071 1794 1138 Acarnanes,
1837 1072 1930 1134 qui
1967 1082 2082 1120 non
2115 1072 2316 1122 initiati

563 1159 751 1224 erant,
784 1159 1027 1208 Athenas
1062 1162 1361 1226 venerunt,
1398 1164 1455 1210 et
1488 1161 1547 1209 in
1582 1159 1887 1208 sacrarium
1925 1156 2158 1210 Cereris
2199 1173 2314 1210 cum

562 1245 691 1296 aliis
736 1245 1084 1308 popularibus
1122 1249 1237 1297 suis
1277 1249 1636 1298 intraverunt.
1719 1243 1799 1296 ob
1842 1247 1978 1314 hoc,
2032 1252 2314 1312 tamquam

496 1335 719 1388 10nefas
768 1348 1033 1385 summum
1083 1337 1505 1404 commisissent,
1560 1336 1628 1386 ab
1676 1336 2106 1387 Atheniensibus
2162 1341 2310 1388 caesi

561 1426 703 1474 sunt.
773 1424 1094 1473 Acarnanes
1145 1425 1408 1474 mortibus
1448 1437 1668 1474 suorum
1717 1426 1970 1476 commoti
2009 1425 2082 1476 ad
2131 1426 2316 1476 vindi-

562 1513 767 1562 candos
792 1511 923 1562 illos
948 1512 1207 1562 auxilium
1234 1524 1269 1562 a
1291 1511 1541 1574 Philippo
1574 1513 1866 1574 petierunt.
1937 1513 2138 1565 Paucis
2163 1527 2314 1565 men-

560 1601 709 1652 sibus
747 1603 873 1663 post
908 1613 1104 1664 pacem
1140 1601 1685 1666 Karthaginiensibus
1724 1603 1935 1671 datam,
1983 1605 2313 1666 quingente-

560 1691 696 1740 simo
735 1691 1183 1756 quinquagesimo
1218 1701 1362 1742 anno
1404 1689 1472 1740 ab
1510 1692 1642 1741 urbe
1678 1690 1926 1760 condita,
1976 1704 2100 1742 cum
2144 1694 2313 1742 Athe-

481 1776 852 1848 15niensium,
886 1781 977 1842 qui
1013 1780 1400 1831 obsidebantur
1432 1792 1468 1830 a
1500 1779 1781 1847 Philippo,
1828 1778 2006 1844 legati
2041 1781 2312 1830 auxilium

556 1878 591 1916 a
626 1869 823 1918 senatu
873 1869 1165 1933 petissent,
1215 1872 1274 1920 et
1309 1872 1530 1918 senatus
1574 1869 1628 1918 id
1672 1869 1973 1919 censuisset
2008 1868 2311 1936 ferendum,

553 1956 747 2024 plebe,
804 1957 946 2022 quod
988 1960 1071 2010 tot
1119 1957 1385 2010 bellorum
1422 1958 1710 2011 continuus
1743 1956 1901 2009 labor
1941 1959 2139 2023 gravis
2173 1964 2308 2023 erat,

556 2044 937 2114 dissentiente,
985 2050 1159 2098 tenuit
1199 2049 1503 2099 auctoritas
1540 2049 1786 2113 patrum,
1843 2049 1902 2097 ut
1935 2049 2130 2098 sociae
2164 2049 2304 2098 civi-

556 2134 663 2182 tati
695 2134 839 2184 ferri
869 2147 1028 2197 opem
1065 2135 1297 2198 populus
1337 2148 1551 2199 quoque
1597 2137 1828 2187 iuberet.
1898 2134 2124 2185 Bellum
2158 2137 2218 2185 id
2249 2136 2306 2185 P.

478 2218 811 2287 zosnlpicio
848 2221 1061 2272 consuli
1094 2223 1405 2274 mandatum
1443 2226 1558 2288 est,
1607 2224 1698 2287 qui
1734 2224 1981 2274 exercitu
2019 2225 2078 2274 in
2116 2228 2304 2276 Mace-

555 2310 770 2361 doniam
817 2311 979 2361 ducto
1032 2314 1377 2377 equestribus
1426 2313 1654 2377 proeliis
1701 2324 1825 2363 cum
1871 2310 2133 2375 Philippo
2179 2325 2362 2377 pro-⁵⁵⁵

552 2412 714 2465 spere
764 2402 1044 2465 pugnavit.
1125 2402 1378 2465 Abydeni
1413 2415 1449 2453 a
1483 2400 1731 2465 Philippo
1769 2401 1978 2462 obsessi
2014 2403 2084 2452 ad
2122 2415 2301 2454 exem-

553 2488 703 2552 plum
740 2490 1166 2555 Saguntinorum
1226 2503 1354 2541 suos
1395 2503 1564 2555 seque
1603 2492 1936 2541 occiderunt.
2006 2491 2072 2542 L.
2107 2492 2306 2543 Furius

551 2582 778 2640 praetor
802 2579 995 2630 Gallos
1034 2581 1292 2631 Insubres
1331 2578 1664 2630 rebellantes
1699 2584 1756 2630 et
1776 2578 2144 2631 Hamilcarem
2167 2582 2303 2633 Poe-

472 2666 537 2719 25
550 2679 675 2717 num
725 2668 926 2720 bellum
961 2670 1019 2718 in
1058 2680 1125 2719 ea
1164 2671 1322 2731 parte
1358 2667 1676 2719 molientem
1711 2670 1832 2719 acie
1867 2668 2019 2721 vicit.
2092 2670 2300 2721 Hamil-

551 2767 649 2807 car
685 2768 751 2807 eo
788 2756 934 2807 bello
967 2759 1184 2808 occisus
1220 2760 1342 2825 est,
1378 2760 1435 2808 et
1457 2757 1607 2808 milia
1631 2759 1904 2807 hominnm
1931 2758 2164 2822 triginta
2187 2771 2296 2810 sex.

546 2844 839 2897 Praeterea
876 2847 1245 2911 expeditiones
1289 2845 1523 2909 Philippi
1563 2847 1714 2911 regis
1749 2850 1804 2898 et
1837 2844 2069 2908 Sulpicii
2103 2860 2298 2898 consu-

544 2931 649 2997 lis,
692 2937 1229 3002 expugnationesque
1282 2936 1493 2987 urbium
1528 2938 1596 2989 ab
1636 2940 1868 3000 utroque
1905 2936 2088 3007 factas
2124 2938 2297 2988 conti-

542 3112 693 3153 nntn'uae
720 3112 853 3152 Culleo
892 3122 1050 3156 uenator
1072 3117 1279 3157 Bonam
1303 3119 1408 3159 inter
1440 3121 1616 3168 captivos
1641 3130 1668 3157 a
1691 3111 2093 3168 Koetbayn'm'aemn‘bus
2117 3112 2292 3170 Scipion·

542 3184 759 3228 restitutus,
799 3181 972 3231 pileatus
998 3186 1304 3235 triumphantem
1327 3192 1484 3226 cecum
1509 3191 1594 3234 eet,-
1623 3190 1804 3239 omnique
1827 3186 1920 3226 inde
1943 3188 2044 3234 vieo,
2072 3194 2118 3225 ue
2143 3188 2292 3236 dignun

551 3255 656 3297 erat,
683 3248 882 3289 liber-caea·-
909 3255 1105 3291 «αιτιοι-σπι
1130 3254 1269 3295 coluit.
1321 3252 1490 3305 Sypha
1519 3253 1663 3296 Tibure
1686 3255 1784 3297 obiit
1806 3257 1849 3296 in
1873 3256 1958 3305 ipso
1982 3255 2179 3305 vinu-plu·
2201 3261 2290 3296 ua·

540 3328 649 3368 poro.
686 3316 768 3369 (ex
790 3315 906 3359 Livii
928 3316 996 3367 ⁸⁰,
1021 3318 1115 3372 45.)
