2525 3925
633 304 927 356 BEDLUM
961 304 1483 357 maun'rmNUM.
1829 304 1932 355 187

186 450 371 515 gratia
410 449 577 501 simul
626 454 685 501 et
726 450 934 501 offensa
979 463 1087 514 quo
1135 449 1317 501 levius
1363 452 1686 513 streperent.
1755 450 1932 514 Igitur

181 541 575 603 praegrediens
610 540 780 603 Ligus
825 552 990 604 saxa,
1050 543 1108 589 et
1143 540 1195 589 si
1232 550 1376 602 quae
1405 541 1683 591 vetustate
1713 539 1929 590 radices

186 628 524 692 eminebant,
573 626 788 690 laqueis
830 628 1135 693 vinciebat,
1192 628 1386 689 quibus
1439 626 1680 677 adlevati
1730 627 1930 677 milites

186 714 411 765 facilius
446 716 823 780 escenderent,
853 714 1128 765 interdum
1163 716 1381 766 timidos
1403 714 1696 765 insolentia
1716 714 1931 765 itineris

183 802 381 853 levare
414 813 613 870 manu,
661 803 753 853 ubi
787 803 975 864 paullo
1011 805 1259 865 asperior
1295 804 1592 853 adscensus
1626 794 1776 861 erat,
1811 802 1971 854 sin-5

185 889 351 953 gulos
388 902 521 953 prae
551 904 613 942 se
644 892 877 941 inermis
912 892 1151 955 mittere,
1186 892 1382 940 deinde
1415 892 1532 952 ipse
1555 902 1675 941 cum
1712 890 1932 940 illorum

188 979 365 1028 armis
404 980 586 1046 sequi,
638 992 777 1042 quae
826 980 987 1030 dubia
1027 980 1151 1030 nisu
1195 979 1550 1042 videbantur,
1603 980 1933 1040 potissumus

188 1070 477 1130 temptare,
511 1079 580 1117 ac
614 1069 835 1131 saepius
871 1067 1061 1119 eadem
1096 1066 1435 1118 adscendens
1468 1068 1933 1133 descendensque,

186 1156 318 1205 dein
352 1156 533 1205 statim
566 1156 901 1218 digrediens,
938 1157 1140 1206 ceteris
1174 1155 1456 1207 audaciam
1489 1154 1705 1206 addere.
1757 1156 1934 1219 Igitur

189 1241 287 1291 diu
322 1239 653 1305 multumque
685 1244 904 1307 fatigati
938 1245 1158 1294 tandem
1184 1245 1241 1293 in
1268 1243 1554 1293 castellum
1588 1244 1929 1305 perveniunt,
1941 1240 2008 1293 10

187 1330 470 1381 desertum
508 1332 577 1382 ab
623 1343 691 1381 ea
726 1336 918 1395 parte,
974 1332 1119 1393 quod
1152 1344 1338 1381 omnes
1374 1332 1539 1381 sicuti
1575 1330 1701 1382 aliis
1739 1332 1928 1383 diebus

186 1419 490 1469 advorsum
524 1419 696 1470 bostis
736 1420 981 1471 aderant.
1032 1422 1260 1487 Marius,
1297 1421 1387 1470 ubi
1421 1433 1492 1470 ex
1528 1422 1756 1483 nuntiis,
1791 1429 1930 1481 quae

185 1507 360 1570 Ligus
406 1510 625 1574 egerat,
678 1510 968 1574 cognovit,
1023 1520 1357 1571 quamquam
1405 1509 1521 1557 toto
1566 1507 1655 1557 die
1690 1508 1931 1557 intentos

185 1594 401 1656 proelio
434 1594 695 1645 Numidas
731 1595 1026 1662 babuerat,
1061 1598 1171 1646 tum
1204 1606 1340 1645 vero
1377 1595 1692 1645 cohortatus
1724 1594 1930 1643 milites

184 1687 245 1733 et
273 1683 392 1745 ipse
427 1687 585 1733 extra
620 1684 812 1734 vineas
846 1695 1128 1750 egressus,
1164 1684 1437 1733 testudine
1468 1687 1599 1733 acta
1632 1682 1928 1732 succedere
1941 1677 2005 1728 15

184 1773 245 1820 et
275 1770 445 1820 simul
478 1772 685 1821 hostem
723 1772 1005 1821 tormentis
1038 1771 1448 1834 sagittariisque
1484 1773 1542 1819 et
1568 1768 1932 1820 funditoribus

186 1859 397 1908 eminus
441 1860 669 1909 terrere.
738 1861 814 1909 At
856 1857 1121 1907 Numidae
1173 1858 1342 1919 saepe
1389 1860 1552 1907 antea
1601 1858 1783 1907 vineis
1816 1857 1932 1906 Bo-

181 1957 464 1998 manorum
486 1948 786 2012 subvorsis,
818 1947 950 1998 item
971 1946 1229 2013 incensis,
1259 1954 1366 1995 non
1403 1944 1622 1996 castelli
1651 1944 1932 1997 moenibus

183 2046 313 2086 sese
350 2039 694 2100 tutabantur3
747 2036 846 2086 sed
880 2048 982 2098 pro
1018 2046 1177 2084 muro
1212 2033 1331 2084 dies
1376 2035 1662 2096 noctisque
1697 2035 1932 2099 agitare,

181 2122 515 2174 maledicere
572 2125 832 2175 Romanis
889 2137 957 2174 ac
1009 2124 1187 2177 Mario
1247 2123 1559 2173 vecordiam
1615 2119 2003 2184 obiectare320

182 2211 448 2262 militibus
487 2214 691 2262 nostris
726 2213 1021 2277 Iugurthae
1064 2213 1350 2263 servitium
1396 2212 1625 2276 minari,
1675 2211 1932 2261 secundis

180 2298 351 2350 rebus
372 2301 590 2349 feroces
616 2311 755 2350 esse.
804 2301 1031 2350 Interim
1064 2299 1326 2363 omnibus,
1356 2299 1621 2348 Romanis
1656 2298 1934 2350 hostibus·

183 2396 325 2450 que,
376 2385 587 2447 proelio
632 2388 886 2451 intentis,
938 2397 1140 2449 magna
1184 2387 1459 2448 utrimque
1500 2388 1558 2436 vi
1606 2398 1707 2449 pro
1751 2385 1934 2451 gloria

186 2474 357 2534 atque
391 2473 615 2533 imperio
642 2473 759 2538 bis,
790 2473 907 2527 illis
942 2484 1042 2535 pro
1080 2471 1261 2522 salute
1299 2473 1663 2540 certantibus,
1701 2476 1930 2537 repente

184 2573 225 2612 a
261 2564 424 2623 tergo
455 2559 614 2621 signa
644 2571 882 2625 canere3
922 2573 990 2610 ac
1026 2560 1200 2622 primo
1232 2557 1492 2610 mulieres
1527 2563 1583 2609 et
1619 2561 1802 2627 pueri,
1832 2561 1926 2623 qui
1938 2553 2006 2608 25

183 2648 372 2699 visum
407 2650 817 2712 processerant,
868 2647 1092 2710 fugere,
1147 2647 1344 2698 deinde
1391 2649 1475 2698 uti
1509 2648 1737 2711 quisque
1773 2660 1932 2699 muro

183 2747 483 2799 proxumus
517 2738 670 2803 erat,
723 2738 1001 2798 postremo
1052 2737 1266 2799 cuncti,
1317 2737 1521 2786 armati
1562 2737 1933 2799 inermesque.

187 2821 351 2888 Quod
383 2823 475 2874 ubi
522 2823 757 2891 accidit,
805 2835 873 2874 eo
919 2824 1103 2874 acrius
1136 2825 1376 2875 Romani
1421 2825 1659 2895 instare,
1701 2824 1934 2876 fundere

185 2924 257 2965 ao
292 2912 589 2975 plerosque
622 2914 999 2964 tantummodo
1034 2913 1319 2979 sauciare,
1351 2911 1483 2963 dein
1516 2923 1681 2976 super
1715 2913 1933 2964 occiso-

185 3014 307 3051 rum
356 3012 589 3063 corpora
632 3001 865 3068 vadere,
912 3001 1063 3052 avidi
1113 3000 1328 3065 gloriae
1381 3003 1655 3052 certantes
1705 3014 1921 3053 murum
1933 3005 2009 3053 3ss

288 3153 325 3191 ί.
350 3157 525 3191 semeae
548 3152 600 3192 V.
632 3174 677 3183 —
702 3154 741 3193 4.
772 3152 1029 3191 accendo-me
1053 3153 1103 3191 V.
1131 3173 1178 3183 —
1201 3153 1241 3192 8.
1273 3155 1441 3190 inmo:
1465 3153 1514 3192 V.
1544 3153 1596 3195 G,
1626 3175 1671 3184 -
1697 3154 1790 3193 dein
1813 3156 1864 3194 V.
1884 3177 1926 3186 —

188 3223 227 3260 1.
274 3222 381 3262 anui
419 3221 469 3258 V.
494 3221 545 3260 G.
573 3239 624 3250 —
668 3222 914 3270 poa-einum
948 3221 997 3259 V.
1029 3242 1077 3251 —
1124 3220 1166 3260 0.
1207 3219 1438 3268 degrediens
1462 3221 1513 3260 V.
1541 3241 1593 3250 —
1637 3223 1699 3264 n.
1742 3223 1929 3262 mam:

187 3287 363 3329 omnibu·
388 3288 440 3328 G.
470 3309 516 3319 -
539 3289 631 3328 ⁶8⁸.
659 3290 700 3328 οι·
722 3291 921 3338 uei-inque
946 3288 998 3327 V.
1026 3309 1073 3321 -
1122 3288 1187 3330 80.
1222 3288 1372 3328 vadere
1394 3300 1564 3340 wrpora
1587 3290 1635 3329 V.
