2525 3925
610 284 717 333 1³8
1155 280 1212 332 C.
1248 280 1549 334 SALUSTI
1583 280 1817 334 cmsm

608 431 716 479 nisi
750 428 967 493 legibus
1001 442 1320 491 pareremus
1340 422 1368 479 2
1423 425 1578 493 Quae
1615 434 1816 478 cuncta
1849 440 2090 479 scaevus
2115 431 2248 481 iste
2275 431 2392 480 Bo-

610 517 789 566 mulus
837 518 991 579 quasi
1037 520 1105 567 ab
1154 519 1396 568 externis
1432 520 1592 579 rapta
1635 519 1814 581 tenet,
1860 529 1970 565 non
2013 520 2101 566 tot
2147 521 2391 567 exerci-

584 610 759 661 ,tuum
787 605 943 655 clade
964 618 1139 667 neque
1168 606 1454 654 consulum
1494 607 1550 654 et
1586 604 1818 653 aliorum
1852 605 2200 669 principum,
2249 618 2386 667 quos

610 694 833 743 fortuna
868 692 996 743 belli
1032 696 1464 756 consumpserat,
1497 694 1745 755 satiatuS,
1783 694 1878 741 sed
1913 694 2020 741 tum
2059 692 2382 758 crudelior,

570 790 779 845 5quom
824 780 1115 844 plerosque
1158 783 1432 831 secundae
1478 792 1570 829 res
1615 781 1674 828 in
1719 780 2127 830 miserationem
2181 792 2265 829 ex
2305 782 2382 829 ira

614 872 850 921 vortunt.
933 867 1074 932 Quin
1124 869 1278 921 solus
1326 870 1560 917 omnium
1605 870 1727 929 post
1773 870 2092 918 memoriam
2141 869 2377 917 humani

716 992 730 1006 .
765 992 778 1007 .
828 958 1097 1019 supplicia
1132 960 1186 1006 iu
1237 961 1359 1018 post
1410 960 1623 1007 futuros
1657 955 1994 1023 composuit,
2045 957 2180 1019 quis
2222 959 2372 1019 prius

614 1046 814 1095 inluria
839 1058 995 1109 quam
1030 1047 1147 1094 vita
1184 1048 1336 1095 certa
1369 1048 1550 1108 esset}
1584 1046 2032 1107 pravissumeque
2057 1056 2165 1107 per
2192 1044 2375 1094 scele-

615 1134 695 1181 ris
730 1134 1100 1182 inmanitatem
1150 1134 1326 1183 adhuc
1377 1136 1522 1182 tutus
1559 1134 1695 1198 fuit,
1745 1132 1870 1181 dum
1905 1145 2006 1181 vos
2039 1136 2208 1183 metu
2247 1146 2373 1197 gra-

543 1221 794 1280 10vioris
828 1222 1025 1270 serviti
1060 1235 1095 1271 a
1134 1221 1435 1283 repetunda
1468 1219 1724 1271 libertale
1759 1222 2055 1269 terremini.

719 1308 1000 1372 Agendum
1050 1312 1211 1370 atque
1257 1310 1472 1359 obviam
1521 1308 1752 1359 eundum
1800 1312 1914 1374 est,
1974 1304 2267 1375 Quirites,
2313 1321 2372 1358 no

616 1395 796 1457 spolia
831 1399 1021 1445 vestra
1057 1409 1226 1457 penes
1260 1395 1390 1444 illos
1431 1397 1570 1446 sint:
1621 1408 1728 1444 non
1766 1395 2164 1457 prolatandum
2205 1409 2372 1459 neque

616 1485 764 1534 votis
802 1485 1041 1545 paranda
1077 1485 1318 1546 auxilia3
1365 1485 1472 1533 nisi
1517 1486 1664 1534 forte
1711 1486 1944 1545 speratis
1985 1486 2236 1534 taedium
2275 1488 2366 1533 iam

618 1576 715 1622 aut
751 1572 1005 1634 pudorem
1044 1573 1354 1633 tyrannidis
1390 1571 1580 1622 Sullae
1617 1584 1740 1621 esse
1775 1573 1834 1621 et
1869 1584 1990 1620 eum
2037 1584 2142 1633 per
2193 1574 2368 1623 scelus

546 1668 609 1719 15
624 1663 889 1723 occupata
922 1660 1283 1721 periculosius
1321 1659 1684 1710 dimissurum.
1755 1661 1832 1709 At
1873 1658 1978 1709 ille
2023 1672 2094 1709 eo
2144 1672 2366 1723 proces-

557 1754 564 1762 ·
619 1750 717 1813 sit,
767 1752 835 1812 ut·
868 1748 1004 1797 nihil
1040 1748 1344 1811 gloriosum
1373 1750 1482 1799 nisi
1527 1750 1697 1799 tutum
1733 1752 1790 1797 et
1825 1750 2011 1797 omnia
2045 1749 2363 1798 retinendae

618 1837 1001 1887 dominationis
1056 1839 1285 1887 honesta
1337 1837 1618 1887 aestumet.
1713 1835 1909 1897 ltaque
1960 1834 2060 1885 illa
2113 1837 2280 1898 quies
2323 1840 2364 1883 et

620 1927 791 1976 otium
839 1938 963 1976 cum
1013 1925 1301 1990 libertate,
1361 1936 1508 1988 quae
1559 1923 1716 1974 multi
1767 1923 1924 1986 probi
1971 1924 2158 1984 potius
2207 1936 2362 1992 'quam

618 2013 864 2062 laborem
918 2027 1045 2062 cum
1093 2014 1388 2063 honoribus
1437 2013 1822 2078 capessebant,
1870 2011 2028 2062 nulla.
2063 2013 2230 2061 sunt:
2279 2014 2364 2062 hac

546 2104 613 2156 20
626 2101 947 2160 tempestate
970 2100 1325 2149 serviundum
1356 2101 1453 2148 aut
1482 2099 1915 2161 imperitandum,
1953 2099 2242 2150 habendus
2265 2111 2364 2148 me-

622 2190 711 2236 tus
736 2191 823 2236 est
848 2189 943 2236 aut
970 2189 1274 2251 faciundas,
1301 2183 1563 2250 Quirites.
1614 2187 1752 2236 Nam
1781 2189 1906 2248 qaid
1935 2179 2125 2236 ultra?
2163 2197 2364 2248 quaeve

620 2272 853 2322 humana
906 2277 1169 2335 superant
1220 2278 1317 2324 aut
1377 2275 1562 2324 diviua
1619 2274 1892 2336 inpolluta
1945 2266 2116 2322 sunt?
2191 2274 2362 2335 Popu-

619 2360 707 2410 lus
756 2361 1062 2425 Romanus,
1116 2363 1306 2424 paullo
1354 2366 1482 2412 ante
1532 2364 1780 2426 gentium
1835 2362 2181 2426 moderator,
2239 2372 2362 2410 exn-

622 2452 708 2498 tus
742 2449 970 2510 imperio
1006 2449 1189 2512 gloria
1212 2435 1360 2518 iure,
1395 2451 1639 2513 agitandi
1675 2451 1834 2510 inops
1870 2448 2272 2510 despectusque
2305 2459 2362 2496 ue

546 2540 611 2592 25
627 2535 855 2586 servilia
902 2538 1116 2599 quidem
1164 2537 1424 2588 alimenta
1471 2537 1690 2598 reliqua
1731 2536 1906 2584 habet.
1979 2536 2271 2584 Sociorum
2315 2538 2362 2583 et

622 2625 749 2674 Lati
798 2637 995 2687 magna
1044 2627 1131 2674 vis
1182 2625 1412 2674 civitate
1459 2636 1560 2685 pro
1597 2624 1788 2673 multis
1826 2626 1881 2673 et
1925 2624 2172 2687 egregiis
2207 2624 2360 2672 factis

623 2724 659 2759 a
693 2713 851 2760 vobis
885 2713 1012 2762 data
1047 2724 1145 2773 per
1181 2723 1342 2760 unum
1377 2712 1760 2773 prohibentur,
1813 2717 1870 2759 et
1903 2711 2080 2771 plebis
2114 2711 2360 2758 innoxiae

624 2802 831 2860 patrias
877 2799 1036 2850 sedes
1090 2809 1440 2858 occupavere
1491 2800 1652 2858 pauci
1703 2796 2004 2858 satellites,
2061 2799 2358 2846 mercedem

624 2885 909 2935 scelerum.
990 2887 1175 2948 Leges
1220 2885 1426 2934 iudicia
1473 2887 1781 2949 aerarium,
1833 2884 2160 2946 provinciae
2207 2897 2360 2948 reges

624 2982 792 3030 penes
840 2983 1029 3035 unum,
1082 2973 1318 3033 denique
1364 2973 1518 3021 necis
1573 2973 1772 3021 civium
1823 2975 1882 3022 et
1926 2973 2080 3021 vitae
2128 2969 2360 3024 lieentia·

724 3180 764 3219 6.
793 3180 980 3229 hmani]
1010 3181 1055 3218 V.
1098 3180 1297 3230 (Videtur
1331 3179 1538 3220 excidisse
1569 3182 1762 3232 merie.)
1802 3181 2000 3220 homim-
2025 3179 2072 3220 G.
2103 3203 2151 3212 —
2201 3183 2239 3220 8.
2269 3194 2359 3230 ρο·-

627 3248 862 3296 eo’uo'neqtu
884 3247 936 3285 V.
964 3265 1011 3276 -·-
1064 3247 1123 3286 16.
1152 3247 1224 3297 ut]
1250 3249 1301 3286 V.
1331 3250 1391 3286 κίε·
1415 3247 1466 3287 G.

56 3569 397 3858 m
714 3648 942 3858 2
1229 3496 1508 3858 'ix
