2525 3925
535 332 610 382 m
649 331 712 380 L.
749 328 1069 381 smum
1105 326 1518 380 CATIHNAM.
1795 329 1899 380 211

134 476 473 541 oportebat,
509 489 605 527 eos
628 478 860 526 noudum
886 489 1027 527 voce
1047 475 1310 526 voluero!
1365 476 1543 526 Fuisti
1565 474 1734 540 igitur
1759 478 1901 539 apud

133 568 399 632 Laecam
431 565 533 615 illa
563 568 744 628 nocte,
782 562 1055 615 Catilina:
1094 563 1420 616 distribuisti
1452 566 1641 626 partes
1675 563 1902 629 ltaliae3

137 655 438 720 statuisti,
491 666 595 715 quo
648 664 910 715 quemque
960 653 1233 714 proticisci
1285 652 1541 714 placeret
1554 667 1573 716 ;
1634 650 1907 720 delegisti,

139 754 300 805 quos
334 722 539 791 Romae
575 740 931 803 relinqueres,
970 751 1106 802 quos
1141 743 1320 790 tecum
1358 740 1654 803 educeres3
1697 739 1909 790 deseri-

141 830 317 892 psisti
347 830 494 879 urbis
520 833 704 890 partes
733 829 802 877 ad
838 827 1093 877 incendia
1108 842 1127 891 3
1162 827 1495 878 confirmasti
1519 832 1574 879 te
1595 830 1771 890 ipsum
1801 829 1909 877 iam

144 929 289 967 esse
324 918 628 980 exiturum3
677 916 866 965 dixisti
905 913 1206 977 paullulum
1252 917 1352 966 tibi
1399 927 1524 966 esse
1557 917 1729 966 etiam
1762 927 1908 966 nuuc

140 1015 380 1068 morae,
432 1005 571 1068 quod
618 1016 723 1067 ego
770 1004 1034 1053 viverem.
1102 1003 1330 1065 Reperti
1377 1007 1506 1054 sunt
1539 1004 1646 1053 duo
1695 1005 1908 1067 equites

143 1094 428 1158 Romani,
477 1093 569 1154 qui
617 1096 671 1142 te
719 1092 829 1141 ista
878 1103 1009 1141 cura
1057 1092 1360 1142 liberarent
1392 1093 1449 1141 et
1485 1103 1608 1142 sese
1633 1075 1755 1142 'illa
1788 1093 1910 1154 ipsa

144 1183 331 1230 nocte
364 1178 552 1241 paullo
588 1182 716 1229 ante
751 1178 927 1228 lucem
966 1189 1052 1230 me
1086 1180 1143 1228 iu
1187 1191 1310 1229 meo
1343 1177 1551 1229 lectulo
1583 1179 1910 1230 interfectu-

154 1279 265 1318 ros
304 1278 428 1316 esse
465 1267 872 1328 pollicerentur.
944 1269 1094 1317 Haec
1125 1279 1230 1331 ego
1252 1269 1451 1334 omnia,
1486 1268 1706 1317 vixdum
1740 1266 1984 1319 etiam10

136 1358 330 1419 ,coetu
367 1357 549 1404 vestro
586 1355 826 1418 dimisso,
866 1357 1099 1417 comperi
1110 1370 1130 1419 3
1178 1356 1389 1405 domum
1418 1367 1590 1405 meam
1613 1357 1909 1407 maioribus

148 1441 456 1505 praesidiis
489 1443 693 1492 munivi
741 1445 904 1505 atque
949 1443 1197 1509 firmavi3
1248 1444 1460 1493 exclusi
1494 1456 1620 1510 eos,
1675 1457 1811 1507 quos
1849 1449 1917 1498 tu

149 1543 324 1580 mane
357 1531 424 1580 ad
460 1543 545 1579 me
580 1531 874 1581 salutatum
908 1533 1153 1599 miseras,
1190 1545 1310 1581 cum
1345 1531 1432 1581 illi
1467 1532 1574 1594 ipsi
1608 1534 1908 1594 venissent,

153 1630 305 1683 quos
343 1630 448 1683 ego
483 1620 592 1668 iam
627 1619 812 1669 multis
847 1632 916 1670 ne
947 1623 1169 1670 summis
1205 1621 1347 1670 viris
1381 1619 1453 1670 ad
1482 1633 1568 1671 me
1603 1622 1659 1670 id
1697 1623 1911 1681 tempo-

150 1709 246 1758 ris
290 1711 552 1756 venturos
587 1719 711 1756 esse
741 1709 1139 1769 praedixeram.

304 1795 375 1844 V.
429 1792 581 1859 Quae
618 1807 737 1844 cum
772 1797 854 1844 ita
888 1797 1023 1862 sint,
1058 1793 1316 1858 Catilina,
1363 1806 1550 1862 perge,
1583 1808 1690 1857 quo
1726 1797 1911 1856 coepi-

153 1885 238 1934 sti
255 1898 281 1947 3.
324 1882 597 1946 egredere
634 1882 926 1945 aliquando
963 1896 1031 1932 ex
1067 1885 1236 1947 urbe3
1285 1885 1474 1946 patent
1509 1889 1733 1946 portae:
1779 1895 1911 1945 pro-

154 1972 433 2022 ficiscere.
488 1972 721 2023 Nimium
756 1973 847 2021 diu
888 1975 942 2022 te
977 1973 1361 2035 imperatorem
1390 1976 1485 2023 tua
1506 1974 1609 2023 illa
1630 1973 1911 2023 Manliana

158 2063 351 2111 cast-ra
388 2059 713 2111 desiderant.
784 2059 939 2109 Educ
996 2064 1174 2110 tecum
1221 2062 1384 2112 etiam
1429 2072 1620 2112 omnes
1660 2066 1817 2112 tues:
1858 2062 1909 2109 si

157 2150 363 2212 minus,
402 2160 562 2211 quam
597 2147 875 2211 plurimos.
934 2149 1119 2213 Purga
1153 2150 1357 2200 urbem.
1405 2152 1608 2214 Magno
1643 2162 1729 2199 me
1762 2152 1908 2200 metu

157 2238 459 2301 liberabis,
508 2237 790 2286 dummodo
825 2237 969 2287 iuter
1004 2249 1090 2287 me
1130 2240 1295 2300 atque
1343 2239 1401 2287 te
1442 2250 1629 2288 murus
1675 2239 1910 2288 intersit.

158 2326 461 2377 Nobiscum
488 2322 712 2373 'versari
755 2326 862 2374 iam
913 2326 1116 2374 diutius
1161 2337 1276 2375 non
1320 2327 1515 2387 potes:
1569 2337 1676 2376 non
1712 2326 1910 2387 feram,

162 2413 493 2462 non-sinam.
562 2412 768 2474 Magna
802 2411 906 2461 diis
939 2410 1338 2461 immortalibus
1373 2412 1617 2461 habenda
1639 2417 1725 2461 est
1747 2417 1985 2474 atquen

162 2499 295 2550 huic
348 2500 452 2559 ipsi
500 2499 620 2546 Iovi
658 2498 893 2564 Statori,
944 2499 1322 2561 antiquissimo
1369 2500 1581 2549 custodi
1622 2501 1779 2550 liuius
1817 2513 1913 2570 ηιξ-

164 2590 284 2654 bis,
335 2587 548 2650 gratia,
604 2585 745 2647 quod
793 2587 932 2635 hanc
981 2589 1087 2636 tam
1135 2589 1394 2652 taetram,
1446 2591 1555 2638 tam
1598 2588 1912 2638 horribilem

169 2682 391 2738 tamque
424 2674 679 2723 infestam
716 2677 799 2724 rei
835 2674 1087 2739 publicae
1130 2678 1342 2737 pestem
1375 2677 1538 2727 toties
1572 2678 1680 2726 iam
1717 2675 1916 2740 effugi-

166 2776 304 2815 mus.
374 2762 497 2812 Non
534 2766 619 2813 est
649 2764 868 2826 saepius
902 2764 961 2813 in
999 2776 1103 2814 uno
1138 2764 1357 2815 homine
1389 2776 1598 2815 summa
1626 2763 1778 2815 salus
1813 2776 1914 2827 pe-

270 2993 319 3044 ς.
351 2993 413 3033 10.
457 2992 514 3031 od
542 3005 605 3033 nie
629 2994 841 3032 adulatum
866 3004 983 3032 nane
1006 2993 1058 3032 K.

271 3183 320 3234 S.
345 3184 374 3224 9
417 3184 492 3222 duo
518 3185 668 3234 equites
688 3183 881 3236 Romani]
908 3184 993 3224 sni.
1016 3184 1101 3224 cat.
1119 3184 1182 3224 28.
1209 3185 1284 3224 cfr.
1310 3182 1504 3224 sau-nne
1529 3183 1576 3236 s.
1603 3185 1688 3235 ὀὶ,
1711 3185 1782 3225 ubi
1809 3196 1908 3225 unus

175 3253 221 3293 C.
246 3251 459 3292 Cornelius
484 3252 736 3299 uomiuutun
775 3252 849 3291 sed
872 3253 973 3293 ibid.
1000 3251 1043 3293 6.
1084 3252 1355 3301 vas-‚mum
1389 3254 1611 3294 coniurati·
1634 3260 1780 3306 postea
1803 3256 1911 3293 iudi-r

179 3323 241 3361 cio
266 3320 430 3371 publico
457 3320 734 3360 condemnatis
760 3327 1059 3361 annumeratur.
