2525 3925
854 356 1226 408 LIBRORUM
1270 355 1426 407 CXL.
1916 358 2021 409 301

279 515 471 555 eorum
516 506 708 553 contra
743 502 952 553 Sullam
987 503 1290 568 obligaret,
1328 514 1595 553 consensu
1630 504 1849 553 senatus
1891 514 2017 563 pro-

279 593 478 641 hibitus
520 600 618 641 est.
689 593 860 641 Novis
903 584 1112 640 civibus
1147 592 1371 639 senatus
1418 590 1669 639 consulto
1704 588 2019 653 suffragium

281 681 464 730 datum
509 684 610 728 est.
684 676 747 741 Q.
786 678 1044 727 Metellus
1095 681 1254 739 Pius,
1313 680 1403 739 qui
1454 682 1634 739 partes
1682 678 2020 739 optimatium

279 771 504 817 secutus
538 770 677 831 erat,
715 779 834 815 cum
870 768 927 815 in
960 766 1152 815 Africa
1185 765 1393 815 bellum
1428 766 1733 831 moliretur,
1768 778 1802 813 a.
1827 763 1884 814 C.
1910 766 2022 815 Fa-

279 857 372 905 bio
407 859 662 917 praetore
699 854 886 916 pulsus
921 858 1035 916 est3
1085 857 1416 915 senatusque
1448 853 1747 902 consultum
1788 865 1890 914 per
1932 843 2064 907 ‘'a-[5

284 944 520 992 ctionem
566 941 830 991 Carbonis
875 947 930 991 et
963 944 1335 990 Marianarum
1387 942 1617 1003 partium
1670 941 1879 991 factum
1922 945 2027 1004 est,

284 1034 346 1079 ut
386 1042 570 1079 omnes
619 1032 815 1091 ubique
858 1030 1131 1079 exercitus
1170 1028 1583 1078 dimitterentur.
1658 1030 1927 1078 Libertini
1969 1030 2025 1077 in

284 1119 525 1181 quinque
577 1121 633 1167 et
683 1118 910 1181 triginta
963 1118 1135 1166 tribus
1189 1118 1463 1165 distributi
1520 1119 1658 1165 sunt.
1731 1117 2027 1165 Praeterea

280 1206 416 1257 belli
451 1209 792 1269 apparatum,
837 1206 977 1267 quod
1013 1208 1204 1255 contra
1243 1204 1455 1254 Sullam
1494 1204 1857 1270 excitabatur,
1892 1215 2025 1253 con-

282 1296 437 1343 tinet.
2041 1284 2103 1335 10

885 1432 1018 1483 Lib
1039 1442 1069 1480 e
1087 1442 1116 1480 r
1165 1430 1429 1480 Lxxxv.

202 1550 278 1589 ⁶⁷1
396 1546 552 1597 Sulla
604 1549 658 1596 in
699 1548 912 1597 Italiam
965 1562 1083 1599 cum
1142 1552 1389 1599 exercitu
1435 1549 1681 1611 traiecit,
1737 1548 2027 1608 missisque

281 1634 490 1698 legatis
524 1637 614 1697 qui
653 1637 720 1684 de
757 1650 893 1698 pace
929 1642 1174 1701 agerent,
1213 1652 1246 1687 a
1284 1637 1508 1687 consule
1534 1633 1590 1685 C.
1618 1638 1869 1685 Norbano
1902 1637 2027 1683 vio-

281 1723 436 1787 latis,
477 1726 701 1773 eundem
727 1724 1037 1774 Norbanum
1077 1725 1289 1786 proelio
1327 1726 1479 1773 vicit.
1552 1725 1623 1772 Et
1660 1736 1777 1771 cum
1816 1725 1875 1770 [ι.
1902 1723 2028 1770 Sci-

283 1813 464 1874 pionis
498 1810 726 1860 alterius
765 1812 1032 1877 consulis,
1085 1824 1210 1861 cum
1249 1825 1357 1874 quo
1393 1824 1489 1873 per
1524 1813 1701 1860 omnia
1740 1812 1793 1858 id
1834 1808 2103 1872 egeratl5

285 1902 351 1948 ut
389 1910 578 1959 pacem
614 1902 894 1964 iungeret,
941 1912 1045 1948 nec
1078 1904 1362 1964 potuerat,
1402 1902 1583 1948 castra
1620 1902 2029 1959 oppugnaturus

287 1992 454 2052 esset,
491 1990 775 2038 universus
801 1990 1072 2037 exercitus
1099 1989 1338 2038 consulis
1366 1988 1699 2037 sollicitatus
1736 1999 1833 2049 per
1866 1989 2029 2035 emis-

284 2089 383 2125 sos
419 2088 453 2124 a
487 2075 644 2124 Sulla
676 2075 881 2125 milites
916 2078 1076 2139 signa
1121 2075 1189 2124 ad
1229 2076 1439 2125 Sullam
1479 2075 1773 2130 transtulit.
1843 2076 2029 2136 Scipio

287 2176 417 2213 cum
454 2165 631 2212 occidi
667 2165 867 2226 posset,
912 2165 1162 2214 dimissus
1199 2166 1301 2214 cst..
1373 2162 1468 2212 Cn.
1507 2165 1811 2230 Pompeius,
1848 2160 1940 2212 Cu.
1968 2163 2029 2211 F.

288 2251 410 2300 eius
443 2253 535 2312 qui
559 2251 819 2301 Asculum
858 2256 1094 2318 ceperat,
1130 2253 1439 2314 conscripto
1471 2251 1901 2300 voluntariorum
1930 2247 2109 2300 ex-20

289 2341 469 2387 crcitu
515 2351 635 2387 cum
690 2341 860 2388 tribus
915 2339 1223 2402 legionibus
1272 2341 1341 2389 ad
1388 2339 1598 2388 Sullam
1646 2339 1873 2387 venerat
1890 2351 1910 2398 3
1966 2338 2057 2384 ad·

292 2438 452 2488 quem
488 2439 549 2474 se
586 2425 840 2476 nobilitas
877 2429 1050 2477 omnis
1084 2427 1422 2490 conferebat,
1457 2427 1535 2476 ita
1564 2428 1622 2474 ut
1648 2428 1866 2474 deserta
1902 2425 2035 2472 urbe

290 2513 362 2564 ad
402 2519 586 2564 castra
621 2517 916 2564 veniretur.
988 2516 1281 2564 Praeterea
1317 2514 1689 2575 expeditiones
1726 2512 2033 2574 per'totam

291 2601 512 2652 Italiam
549 2604 831 2664 utriusque
865 2603 1034 2665 partis
1068 2604 1258 2672 duc-um
1296 2601 1625 2650 referuntur.

888 2771 932 2818 L
952 2771 970 2817 i
990 2771 1022 2820 b
1042 2779 1073 2818 e
1092 2779 1121 2817 r
1171 2767 1460 2818 Lxxxvi.
2045 2755 2110 2805 25

209 2892 290 2931 6⁷2
401 2884 532 2936 Cum
569 2884 626 2936 C.
651 2887 857 2936 Marius
887 2884 944 2936 C.
971 2885 1133 2934 Marii
1166 2883 1309 2932 filius
1344 2882 1535 2933 consul
1573 2883 1701 2930 ante
1738 2890 1911 2928 annos
1948 2881 2036 2927 vi·-

291 2975 433 3038 ginti
471 2987 568 3036 per
599 2975 716 3023 vim
744 2978 962 3030 creatus
1002 2976 1166 3036 esset,
1201 2967 1258 3020 G.
1284 2971 1484 3020 Fabius
1513 2971 1570 3018 in
1595 2968 1784 3018 Attica
1816 2969 2038 3030 propter

397 3201 462 3241 ²6.
500 3201 659 3252 viginti]
693 3201 834 3240 XXV.
877 3201 1062 3251 Scriptor
1100 3199 1150 3238 de
1183 3199 1297 3261 Viris
1330 3197 1477 3236 illustr.
1503 3197 1567 3237 oe.
1596 3195 1759 3236 XXVI.
1789 3195 1971 3235 Velleiu-
1995 3194 2035 3240 2,

299 3269 362 3308 26.
393 3269 502 3318 quod
535 3271 688 3308 rectius
715 3275 791 3308 est.
821 3269 1011 3310 Ceterum
1039 3267 1275 3307 Gronovius
1311 3265 1445 3305 deleto
1474 3265 1572 3304 Cum
1596 3265 1811 3314 legendum
1837 3262 2037 3302 coniecit:

303 3337 351 3377 G.
381 3337 544 3376 Marsus
572 3356 592 3366 -
618 3357 638 3366 ·
672 3343 826 3375 creatu
854 3343 924 3377 ese.
969 3335 1016 3375 G.
1047 3334 1194 3374 Fabius
1222 3340 1301 3374 cet.
