2525 3925
593 299 697 350 1⁰4
1132 295 1192 349 G.
1229 299 1526 350 SALUS'H
1563 296 1791 350 cmsm

593 448 730 494 rium
785 458 854 494 ex
907 447 1102 495 itinere
1154 445 1542 499 frumentatum
1596 457 1715 494 cum
1774 446 1961 506 paucis
2022 445 2351 496 cohortibus

595 536 809 582 Siccam
858 536 1107 600 missum,
1166 535 1309 597 quod
1361 533 1609 595 oppidum
1660 535 1885 596 primum
1930 536 2167 583 omnium
2220 545 2353 597 post

591 620 786 670 malam
835 635 1066 684 pugnam
1121 623 1188 672 ab
1241 633 1377 684 rege
1430 620 1723 672 defecerat.
1796 623 1877 672 Eo
1934 635 2053 671 cum
2108 623 2349 674 delectis

591 711 857 770 equitibus
898 714 1064 760 noctu
1103 711 1286 773 pergit
1323 714 1379 758 et
1414 711 1521 758 iam
1559 711 1961 771 egredientibus
1986 711 2255 761 Romanis
2288 717 2345 761 in

548 803 748 860 5porta
788 812 1019 862 pugnam
1049 800 1183 849 facit
1194 814 1212 862 3
1268 799 1429 849 simul
1474 810 1671 863 magna
1708 811 1844 849 voce
1876 801 2175 850 Siccenses
2212 802 2346 850 hor-

590 871 761 950 tatur,
815 890 894 936 uti
943 889 1181 936 cohortis
1227 888 1294 936 ab
1334 891 1490 950 tergo
1540 889 1967 936 circumveniant
1979 903 1999 950 3
2058 889 2345 938 fortunam

585 975 697 1023 illis
757 976 1027 1036 praeclari
1081 976 1346 1024 facinoris
1402 987 1587 1024 casum
1642 973 1807 1037 ἅπας
1868 977 1917 1026 si
1972 975 2027 1024 id
2082 977 2345 1032 fecerint.

585 1069 776 1124 postca
813 1075 936 1111 sese
972 1065 1027 1110 in
1063 1073 1255 1126 regno,
1292 1063 1423 1111 illos
1458 1064 1513 1110 in
1548 1061 1808 1111 libertate
1845 1064 1963 1111 sine
1996 1065 2143 1114 metu
2181 1069 2344 1114 aeta-

587 1154 696 1197 tem
723 1154 959 1199 acturos.
1013 1153 1098 1199 Ac
1123 1152 1175 1198 ni
1202 1151 1410 1199 Marius
1446 1151 1607 1212 signa
1644 1150 1852 1199 inferre
1888 1155 2057 1213 atque
2097 1152 2344 1203 evadere

513 1239 784 1300 inoppido
822 1240 1262 1301 properavisset‚
1318 1240 1561 1299 profecto
1614 1241 1797 1287 cuncti
1837 1241 1932 1288 aut
1964 1252 2167 1302 magna
2210 1255 2343 1302 pars

583 1329 920 1375 Siccensium
973 1327 1133 1375 iidem
1192 1328 1593 1392 mutavissent;
1647 1329 1802 1377 tanta
1854 1327 2163 1378 mobilitate
2216 1343 2343 1380 sese

582 1415 846 1464 Numidae
891 1418 1074 1478 agunt.
1148 1417 1254 1465 Sed
1313 1414 1513 1464 milites
1564 1417 1867 1478 Iugurthini
1920 1416 2231 1478 paullisper
2272 1421 2341 1468 ab

583 1515 714 1566 rege
760 1507 1082 1570 sustentati,
1133 1507 1421 1566 postquam
1474 1507 1677 1554 maiore
1726 1506 1781 1552 vl
1836 1505 2021 1554 hostes
2078 1513 2339 1568 urguent,

583 1594 772 1653 paucis
804 1593 1022 1642 amissis
1057 1595 1277 1656 profugi
1316 1594 1618 1644 discedunt.

509 1683 570 1734 15
689 1681 776 1730 57.
813 1683 1020 1731 Marius
1044 1683 1112 1732 ad
1139 1683 1361 1731 Zamam
1388 1683 1637 1743 pervenit
1648 1694 1666 1743 3
1702 1680 1756 1729 id
1780 1680 2031 1743 oppidum
2056 1683 2113 1731 in
2141 1695 2339 1748 campo

581 1772 770 1836 situm,
804 1772 982 1834 magis
1023 1783 1188 1832 opere
1223 1783 1380 1833 quam
1414 1774 1611 1819 natura
1648 1772 1906 1819 munitum
1941 1773 2091 1837 erat,
2127 1772 2339 1823 nullius

580 1860 810 1908 idoneae
864 1861 944 1910 rei
997 1873 1194 1925 egens,
1243 1861 1409 1909 armis
1456 1861 1702 1921 virisque
1752 1858 2080 1920 opulentum.
2156 1863 2339 1924 Igitur

580 1948 838 1999 Metellus
872 1962 972 2011 pro
1013 1951 1254 2011 tempore
1292 1952 1453 2010 atque
1494 1947 1619 1997 loco
1662 1949 1871 2010 paratis
1922 1949 2081 1997 rebus
2130 1953 2339 2001 cuncta

579 2037 797 2083 moenia
831 2039 1074 2087 exercitu
1104 2037 1487 2099 circumvenit,
1522 2035 1723 2099 legatis
1756 2038 2004 2098 imperat,
2044 2038 2133 2085 ubi
2175 2040 2338 2100 quis-

503 2126 686 2185 20que
732 2127 965 2172 curaret.
1035 2124 1244 2172 Deinde
1293 2125 1450 2187 signo
1494 2123 1619 2172 dato
1655 2124 1885 2186 undique
1919 2123 2079 2172 simul
2121 2126 2339 2177 clamor

573 2214 764 2274 ingens
815 2212 1016 2274 oritur3
1069 2223 1247 2273 neque
1302 2224 1369 2261 ea
1419 2222 1510 2261 res
1561 2212 1817 2261 Numidas
1872 2216 2068 2279 terret,
2125 2216 2337 2267 infensi

571 2299 878 2360 intentique
927 2300 1044 2347 sine
1105 2298 1335 2348 tumultu
1394 2302 1654 2364 manent3
1718 2300 1989 2361 proelium
2048 2300 2337 2362 incipitur.

572 2387 833 2449 Romani,
877 2398 974 2447 pro
1010 2387 1232 2448 ingenio
1272 2389 1534 2454 quisque,
1580 2400 1709 2449 pars
1746 2389 1955 2437 eminus
1989 2387 2195 2452 glande
2236 2396 2339 2441 aut

571 2475 841 2536 lapidibus
878 2473 1123 2539 pug'nare
1136 2492 1154 2540 3
1191 2476 1288 2525 alii
1324 2475 1624 2526 succedere
1660 2488 1727 2525 ac
1764 2486 1973 2525 murum
2005 2479 2167 2525 modo
2194 2480 2339 2536 sub-

495 2564 559 2617 25
576 2563 781 2627 fodere,
815 2564 969 2613 modo
993 2565 1163 2615 scalis
1188 2566 1437 2628 adgredi,
1478 2575 1679 2626 cupere
1703 2564 1968 2625 proelium
1992 2566 2048 2613 in
2071 2568 2339 2617 manibus

571 2652 772 2702 facere.
844 2649 1046 2703 Contra
1083 2666 1148 2702 ea
1186 2652 1439 2713 oppidani
1476 2653 1531 2701 in
1570 2662 1860 2715 proxumos
1896 2664 2033 2703 saxa
2069 2653 2337 2719 volvere,

569 2742 758 2801 sudeS‚
798 2740 937 2806 pila,
974 2743 1264 2803 praeterea
1301 2740 1477 2801 picem
1512 2742 1569 2788 et
1601 2739 1813 2789 sulfure
1846 2741 2057 2791 taedam
2094 2744 2335 2796 mixtam

570 2829 776 2878 ardenti
816 2832 1047 2879 mittere.
1099 2826 1208 2879 Sed
1243 2838 1315 2876 ne
1340 2825 1469 2877 illos
1496 2830 1734 2894 quidem,
1767 2829 1857 2891 qui
1882 2828 2075 2890 procul
2100 2842 2337 2881 manse·

670 3080 729 3118 1¹.
773 3082 922 3130 ayunt]
946 3087 1086 3131 pertine
1109 3080 1212 3121 Cod.
1238 3081 1369 3120 Paris.
1396 3081 1446 3120 V.
1474 3096 1525 3111 -·-
1582 3080 1665 3129 a„
1690 3083 1883 3130 prodinu-
1906 3084 2084 3125 unam'bnu
2108 3086 2158 3124 V.
2188 3086 2245 3127 K.
2278 3108 2333 3118 —·

566 3148 628 3187 27.
665 3150 794 3196 picem
831 3154 867 3185 ee
906 3148 1058 3200 sulfure
1092 3150 1249 3189 taedam
1283 3151 1449 3187 mia-ean
1481 3148 1668 3200 ardeneae‘]
1708 3151 1807 3189 Cod.
1836 3152 1971 3193 Turio.
2011 3155 2142 3202 piem
2168 3159 2209 3191 ee
2237 3158 2331 3195 ⁸⁸1-

560 3214 688 3265 plunrc
712 3215 869 3254 taedam
894 3219 1058 3256 mixtam
1082 3218 1285 3256 ardentem
1299 3217 1349 3256 V.
1374 3218 1505 3266 picem
1523 3216 1709 3266 sulphure
1729 3223 1767 3255 ee
1792 3219 1911 3258 laeda
1935 3223 2098 3259 mittam
2123 3222 2327 3263 oedenee'a

563 3285 739 3324 certius.
767 3284 816 3325 G.
839 3287 934 3335 pice
959 3291 998 3324 ee
1021 3287 1207 3337 sulphure
1231 3285 1391 3325 eaedem
1416 3287 1579 3325 miscam
1604 3284 1762 3325 arden-ea·
1786 3286 1838 3325 Κ.
