2525 3925
590 273 694 327 mo
1084 232 1093 243 ⁶
1124 268 1185 323 ο.
1222 268 1520 323 sanusuu
1557 268 1789 321 caism

588 431 837 471 mansere
872 421 929 471 et
962 420 1158 471 cuncta
1184 430 1218 469 a
1241 418 1444 485 Bestia,
1477 417 1676 469 Albino
1699 414 2027 481 Metelloque
2060 414 2350 476 imperata

588 521 735 559 nave
768 499 1032 559 fecerant.
1086 510 1278 570 Itaque
1313 508 1378 556 ab
1415 508 1742 569 imperatore
1775 504 1962 571 facile,
1996 516 2138 567 quae
2177 507 2350 565 pete-

591 599 748 664 bant,
796 598 997 660 adepti.
1067 596 1311 645 Emissae
1357 607 1424 645 eo
1477 595 1727 645 cohortes
1761 592 2022 657 Ligurum
2073 595 2348 656 quattuor

590 690 647 737 et
684 687 747 737 G.
782 686 994 735 Annius
1028 684 1358 747 praefectus.
1582 734 1588 742 ,

545 782 577 831 5
700 774 791 824 78.
837 772 901 824 Id
936 772 1191 835 oppidum
1224 774 1294 824 ab
1330 772 1568 823 Sidoniis
1603 770 1872 821 conditum
1907 774 2022 839 est,
2059 783 2205 835 quos
2241 784 2346 821 ac-

588 865 828 926 cepimus
862 864 1123 925 profugos
1160 862 1227 911 ob
1263 859 1564 911 discordias
1600 860 1810 923 civilis,
1863 860 2095 909 navibus
2133 863 2196 909 in
2241 872 2346 911 eos

587 952 741 1002 locos
775 951 995 1001 venisse
1006 964 1027 1014 3
1073 952 1312 999 ceterum
1347 949 1509 999 situm
1540 950 1686 999 inter
1719 949 1854 998 duas
1889 948 2107 1015 syrtis,
2137 950 2346 1021 guibus

584 1050 779 1090 nomen
820 1050 888 1088 ex
932 1050 997 1087 re
1024 1038 1282 1103 inditum.
1349 1038 1488 1087 Nam
1533 1037 1639 1087 duo
1681 1040 1810 1090 sunt
1857 1038 2011 1087 sinus
2059 1049 2240 1101 prope
2283 1040 2345 1087 in

586 1112 829 1177 extrema
855 1125 1065 1195 Africa,
1098 1127 1318 1187 inpares
1351 1126 1740 1190 magnitudine,
1775 1126 1896 1189 pari
1928 1127 2129 1177 natura
2137 1140 2160 1191 3
2201 1140 2344 1190 quo-

514 1221 707 1273 mrum
740 1227 1003 1279 proxuma
1038 1216 1220 1265 terrae
1254 1214 1505 1275 praealta
1527 1218 1669 1277 sunt,
1705 1216 1910 1279 cetera,
1941 1216 2021 1263 uti
2043 1213 2167 1264 fors
2193 1216 2342 1280 tulit,

586 1303 719 1369 alta,
754 1297 867 1353 alia
889 1304 945 1351 in
972 1306 1291 1365 tempestate
1313 1303 1534 1353 vadosa.
1585 1302 1724 1351 Nam
1765 1302 1856 1353 ubi
1889 1315 2040 1354 mare
2071 1315 2340 1369 magnum

588 1404 711 1441 esse
750 1394 805 1457 et
838 1392 1057 1441 saevire
1088 1393 1491 1455 ventiscoepit,
1528 1390 1714 1439 limum
1745 1402 2072 1454 arenamque
2103 1396 2166 1442 et·
2201 1406 2340 1445 saxa

586 1480 833 1543 ingentia
866 1481 1071 1530 fluctus.
1098 1480 1347 1543 trahunt3
1392 1480 1470 1527 ita
1506 1480 1678 1532 facies
1713 1478 1958 1529 locorum
1989 1492 2112 1531 cum
2151 1484 2339 1532 ventis

586 1567 749 1617 simul
784 1571 1054 1637 mutatur:
1107 1569 1308 1631 Syrtes
1353 1570 1420 1619 ab
1461 1571 1640 1617 tractu
1685 1569 2008 1619 nominatae.
2079 1568 2218 1621 Eius
2259 1573 2338 1620 ci-

515 1658 780 1718 15vitatis
835 1657 1026 1721 lingua
1082 1657 1243 1707 modo
1303 1669 1574 1707 convorsa
1638 1656 1905 1713 connubio
1963 1657 2336 1725 Numidarum,

584 1746 768 1811 legum
812 1746 1097 1810 cultusque
1145 1745 1406 1809 pleraque
1452 1744 1740 1810 Sidonica,
1797 1758 1937 1808 quae
1987 1757 2054 1797 eo
2113 1746 2335 1798 facilius

584 1836 927 1903 retinebant,
969 1835 1109 1898 quod
1145 1834 1340 1898 procul
1375 1835 1445 1885 ab
1479 1836 1708 1897 imperio
1743 1836 1893 1899 regis
1927 1837 2165 1885 aetatem
2203 1848 2335 1899 age-

586 1923 731 1973 bant.
784 1926 938 1975 Inter
960 1922 1091 1976 illos
1114 1927 1171 1975 et
1188 1924 1526 1988 frequentem
1550 1922 1856 1974 Numidiam
1889 1922 2044 1974 multi
2078 1926 2334 1988 vastique

585 2009 699 2060 loci
735 2015 908 2062 erant.

513 2107 583 2159 20
692 2095 783 2148 79.
837 2099 946 2149 Sed
984 2103 1233 2163 quoniam
1268 2104 1324 2151 in
1365 2103 1462 2152 bas
1502 2103 1757 2166 regiones
1792 2113 1890 2165 per
1922 2102 2334 2165 Leptitanorum

586 2188 808 2250 negotia
842 2187 1106 2254 venimuS,
1136 2201 1247 2240 non
1281 2191 1558 2256 indignum
1599 2190 1815 2241 videtur
1851 2193 2132 2256 egregium
2169 2196 2334 2256 atque

586 2274 839 2326 mirabile
887 2277 1098 2326 facinus
1148 2277 1374 2329 duorum
1417 2279 1950 2342 Karthaginiensium
1996 2293 2336 2345 memorare3

587 2375 705 2412 eam
740 2375 853 2414 rem
888 2376 990 2414 nos
1021 2363 1177 2417 locus
1213 2369 1504 2419 admonuit.
1579 2364 1697 2431 Qua
1735 2371 2056 2430 tempestate
2093 2371 2332 2421 Kartha-

586 2451 865 2514 ginienses
896 2452 1161 2518 pleraque
1183 2457 1378 2508 Africa
1399 2458 1798 2520 imperitabant,
1822 2454 2172 2518 Cyrenenses
2197 2471 2332 2521 quo-

512 2552 577 2604 25
594 2551 698 2602 que
729 2542 911 2606 magni
943 2545 1105 2606 atque
1140 2545 1383 2610 opulenti
1430 2546 1604 2596 fuere.
1673 2545 1825 2608 Ager
1872 2547 1932 2594 in
1977 2544 2156 2596 medio
2205 2559 2332 2598 are-

586 2640 785 2698 nosus,
814 2642 921 2680 una
952 2633 1138 2692 specie
1149 2647 1169 2696 3
1214 2645 1394 2696 neque
1427 2635 1621 2696 numen
1656 2645 1832 2696 neque
1861 2644 2016 2683 mons
2053 2638 2206 2702 erat,
2241 2637 2330 2698 qui

584 2717 709 2767 finis
743 2730 930 2769 eorum
972 2721 1342 2785 discerneret3
1397 2733 1535 2784 quae
1581 2734 1671 2772 res
1717 2734 1814 2772 eos
1861 2723 1916 2772 in
1965 2735 2166 2790 magno
2209 2725 2327 2774 diu-

589 2811 854 2871 turnoque
890 2807 1036 2860 bello
1068 2809 1215 2862 inter
1250 2821 1311 2859 se
1345 2809 1546 2861 habult.
1615 2811 1908 2874 Postquam
1945 2813 2214 2876 utrimque
2245 2812 2328 2862 le·—

687 2993 725 3032 8.
753 2995 933 3042 gnaviter
956 2995 1007 3034 V.
1040 3018 1082 3027 —
1132 2997 1171 3035 8.
1210 2995 1349 3046 adepti
1371 3002 1460 3035 sune
1483 2997 1536 3036 V.
1560 3016 1610 3024 —
1658 2996 1818 3036 Mimo
1842 2997 1892 3039 V.
1933 3001 1972 3036 ee
1994 2999 2142 3036 missas
2167 3006 2326 3037 auctore

590 3060 789 3101 Mueller-o
814 3062 869 3106 K.
896 3083 947 3091 —
993 3064 1033 3104 9.
1057 3076 1180 3114 pares
1204 3065 1256 3104 V.
1288 3087 1334 3098 —
1385 3065 1445 3106 11.
1487 3065 1572 3104 alea
1596 3065 1706 3114 alia,
1745 3065 1832 3106 aln'a
1855 3067 1898 3104 in
1931 3065 2034 3106 cod.
2063 3066 2186 3106 Bura.
2218 3068 2250 3106 1.
2275 3068 2322 3106 G.

592 3129 675 3170 sed
698 3132 783 3171 alia
807 3129 875 3170 hic
900 3137 964 3170 est
988 3131 1201 3172 ablativus.
1230 3133 1301 3172 Oa.
1331 3156 1373 3165 —
1427 3133 1488 3188 14.
1516 3136 1738 3174 nominatae
1761 3139 1850 3174 stunt
1873 3133 1923 3176 V.
1955 3155 2002 3164 —
2051 3134 2115 3174 24.
2136 3135 2325 3186 pleraque

590 3197 762 3251 Africa]
788 3199 1017 3240 Arusianus
1041 3214 1081 3253 p.
1110 3201 1201 3242 2³⁷.
1229 3201 1347 3242 Lind.
1371 3199 1428 3243 K.
1449 3201 1664 3253 pla-aeque
1688 3200 1860 3254 Africae
1883 3201 2001 3244 laibaei
2025 3201 2222 3252 Salustii,
2247 3205 2324 3244 nisi

592 3269 701 3320 quod
724 3271 767 3312 in
791 3269 974 3310 Einsied.
1002 3281 1205 3321 supet-scr.
1232 3276 1298 3312 est
1321 3282 1362 3313 a.
1389 3270 1442 3312 V.
1471 3271 1523 3312 G.
