2525 3925
601 298 673 346 ω
1146 288 1202 343 C.
1239 289 1537 342 SAws'n
1572 285 1801 340 cnism

603 445 662 493 et
711 442 956 492 tramites
1013 439 1310 490 exercitum
1370 437 1613 488 ductare.
1700 435 1941 498 Denique
1985 433 2189 484 Aulum
2248 445 2359 496 spe

602 532 870 594 pactionis
893 527 1148 595 perpulit,
1182 529 1258 578 uti
1283 527 1479 578 relicto
1504 525 1734 576 Suthule
1762 527 1817 574 in
1842 525 2051 574 abditas
2085 524 2359 586 regiones

603 629 728 669 sese
757 617 929 669 veluti
955 617 1231 668 cedentem
1252 617 1656 678 insequeretur3
1683 615 1791 663 «ita
1814 612 2017 662 delicta
2038 611 2360 662 occultiora

606 709 774 758 fore.»
817 710 1035 757 Interea
1064 719 1165 768 per
1199 705 1441 754 homines
1474 702 1703 752 callidos
1729 701 1819 751 diu
1840 706 2115 764 noctuque
2135 704 2361 750 turma-

565 799 732 852 5rum
782 798 975 858 partim
1011 797 1106 866 ‘uti
1150 793 1556 856 transfugerent
1611 803 1985 855 corrumpere,
2034 790 2134 839 alii
2186 791 2361 852 signo

609 886 735 936 dato
760 884 945 934 locum
982 885 1061 933 uti
1084 883 1415 933 desererent.
1470 878 1623 944 Quae
1653 881 1931 942 postquam
1966 891 2039 928 ex
2067 880 2359 927 sententia

605 975 843 1039 instruit,
876 973 1202 1034 intempesta
1236 971 1399 1020 nocte
1436 971 1501 1018 de
1537 969 1821 1030 inproviso
1854 967 2203 1016 multitudine
2230 967 2357 1018 Nu—

605 1063 867 1111 midarum
889 1061 1018 1110 Auli
1054 1061 1235 1108 castra
1272 1059 1640 1108 circumvenit.
1692 1056 1899 1108 Milites
1932 1057 2182 1119 Romani,
2222 1067 2359 1117 per-

610 1149 749 1198 culsi
772 1147 1023 1198 ‘tumultu
1056 1147 1294 1213 insolito,
1328 1159 1479 1197 arma
1518 1158 1717 1208 capere
1751 1145 1868 1212 alii,
1901 1145 1998 1194 alii
2028 1157 2089 1194 se
2126 1145 2357 1210 abdere,

534 1247 599 1297 10
610 1249 737 1299 pars
771 1237 994 1287 territos
1035 1235 1379 1300 confirmare,
1434 1235 1706 1298 trepidare
1752 1233 1997 1284 omnibus
2034 1233 2214 1296 locis;
2268 1234 2357 1280 vis

605 1337 801 1387 magna
824 1325 1082 1388 hostium,
1125 1324 1336 1375 caelum
1362 1328 1522 1374 nocte
1546 1328 1705 1386 atque
1731 1323 1957 1374 nubibus
1980 1323 2355 1384 obscuratum,

605 1413 904 1475 periculum
948 1426 1181 1476 anceps,
1240 1416 1514 1476 postremo
1561 1415 1753 1476 fugere
1796 1424 1866 1462 an
1910 1421 2133 1460 manere
2179 1412 2353 1461 tutius

606 1503 785 1566 foret,
823 1505 878 1551 in
913 1503 1124 1553 incerto
1158 1505 1292 1553 erat.
1362 1503 1471 1552 Sed
1502 1514 1571 1550 ex
1608 1513 1674 1551 eo
1708 1511 1961 1562 numero,
1993 1511 2127 1562 quos
2166 1499 2355 1562 paullo

611 1593 737 1641 ante
763 1594 1045 1652 corruptos
1071 1592 1320 1657 diximus,
1354 1593 1547 1640 cohors
1578 1601 1684 1640 una
1707 1591 1968 1654 Ligurum
1995 1601 2113 1638 cum
2143 1588 2354 1639 duabus

537 1681 802 1738 15turmis
839 1680 1105 1730 Thracum
1141 1683 1197 1730 et
1229 1683 1417 1742 paucis
1454 1681 1723 1743 gregariis
1773 1677 2032 1728 militibus
2081 1679 2355 1728 transiere

607 1767 678 1818 ad
723 1780 938 1832 regem,
994 1771 1050 1818 et
1098 1770 1345 1818 centurio
1389 1770 1549 1831 primi
1588 1765 1687 1830 pili
1736 1767 1933 1818 tertiae
1973 1765 2215 1830 legionis
2257 1779 2356 1829 per

607 1859 960 1908 munitionem
982 1891 999 1922 ‚
1061 1869 1218 1919 qnam
1278 1858 1355 1906 uti
1409 1856 1727 1906 defenderet
1786 1859 2112 1920 acceperat,
2171 1854 2353 1906 locum

608 1945 850 1997 hostibus
872 1947 1182 1996 introeundi
1206 1944 1373 2011 dedit,
1396 1956 1567 2007 eaque
1585 1943 1850 1994 Numidae
1873 1945 2056 1994 cuncti
2079 1944 2356 2008 inrupere.

609 2034 798 2083 Nostri
831 2034 996 2084 foeda
1031 2036 1193 2098 fuga,
1248 2032 1493 2095 plerique
1528 2033 1756 2082 abiectis
1790 2018 1984 2096 armis,
2038 2044 2356 2095 proxumum

535 2128 604 2178 20
618 2120 811 2172 collem
836 2132 1197 2183 occupavere.
1251 2122 1376 2171 Nox
1409 2125 1569 2183 atque
1608 2103 1808 2183 praeda
1838 2124 2141 2172 castrorum
2164 2120 2357 2185 hostis,

613 2220 718 2272 quo
753 2210 928 2259 minus
963 2210 1200 2260 victoria
1241 2212 1555 2273 uterentur,
1606 2214 1879 2260 remorata
1919 2213 2070 2263 sunt.
2147 2211 2357 2261 Deinde

610 2298 874 2363 Iugurtha
908 2302 1130 2361 postero
1155 2298 1244 2349 die
1281 2311 1401 2349 cum
1424 2298 1569 2353 Aulo
1599 2302 1653 2348 in
1682 2282 1975 2362 conloquio
1998 2301 2169 2350 verba
2190 2301 2353 2350 facit:

613 2388 876 2436 «tametsi
927 2388 1101 2447 ipsum
1153 2400 1275 2438 cum
1322 2390 1570 2438 exercitu
1620 2388 1762 2437 fame
1810 2391 1869 2437 ct
1912 2388 2063 2436 ferro
2111 2386 2357 2438 clausum

615 2478 794 2541 tenet,
829 2478 1006 2525 tamen
1043 2489 1102 2527 se
1136 2490 1428 2527 memorem
1463 2478 1813 2526 humanarum
1849 2488 2046 2541 rerum,
2084 2476 2133 2525 si
2170 2488 2356 2527 secum

537 2564 809 2621 25foedus
853 2564 1094 2631 faceret,
1142 2566 1431 2616 incolumis
1466 2568 1641 2614 omnis
1672 2566 1772 2614 sub
1808 2567 1991 2629 iugum
2028 2565 2326 2614 missurum
2337 2580 2356 2629 3

611 2656 897 2719 praeterea
939 2655 1019 2703 uti
1056 2652 1244 2703 diebus
1284 2654 1468 2702 decem
1508 2654 1757 2703 Numidia
1792 2654 2131 2703 decederet.»
2206 2650 2358 2717 Quae

613 2755 929 2807 quamquam
964 2744 1160 2806 gravia
1195 2746 1252 2791 et
1287 2728 1461 2804 flagiti
1509 2741 1671 2803 plena
1723 2746 1907 2805 erant,
1962 2745 2176 2804 tamen,
2228 2746 2357 2805 quia

611 2834 804 2882 mortis
841 2834 982 2880 metu
1018 2831 1391 2893 mutabantur,
1424 2830 1588 2880 sicuti
1624 2830 1744 2895 regi
1776 2830 2043 2893 innuerat,
2082 2842 2190 2893 pax
2222 2841 2358 2881 con·-

611 2922 781 2968 venit.

711 3084 751 3123 ⁸.
781 3082 864 3135 [ita
889 3082 1036 3123 delicta
1059 3084 1275 3123 occultiora
1298 3080 1454 3135 fuera]
1480 3084 1530 3124 G.
1561 3104 1607 3115 —
1654 3085 1695 3124 ἃ.
1738 3082 1807 3123 die
1831 3084 1879 3123 V.
1909 3084 1961 3124 Κ.
1987 3104 2037 3113 -
2084 3082 2122 3123 ἵ.
2166 3085 2355 3123 iun-nie

577 3210 582 3217 ι
613 3152 663 3193 V.
695 3176 740 3185 —
787 3150 834 3191 9?
870 3162 1036 3201 capere.-
1075 3152 1150 3192 alin·
1173 3164 1218 3193 u
1253 3153 1304 3192 V.
1335 3174 1381 3183 —-
1432 3152 1494 3192 io.
1535 3151 1763 3203 mpidanf
1800 3150 1975 3190 omnibus
1998 3150 2097 3191 loeti
2130 3152 2193 3191 υἷι
2230 3152 2281 3192 V.
2308 3171 2354 3181 —·

611 3216 676 3262 ss.
703 3219 894 3272 fenoque
918 3221 969 3260 V.
997 3218 1051 3262 Κ.
1081 3242 1129 3252 -
1167 3221 1230 3261 u.
1257 3218 1518 3259 ammam-u
1540 3232 1673 3259 rm
1696 3230 1902 3259 umorem
1926 3218 1975 3259 V.
2002 3218 2054 3259 K.
2083 3240 2132 3249 —
2174 3218 2241 3261 28.
2270 3232 2355 3258 nn-

613 3292 751 3333 totam
775 3289 824 3330 Κ.
