2525 3925
852 309 1222 363 mmmmm
1261 310 1419 363 exn.
1906 320 2017 370 315

273 452 388 514 los,
437 453 526 514 qui
563 464 732 514 prope
775 454 1016 504 universi
1057 457 1554 522 Vercingentorige
1589 436 1841 511 Arverno
1878 460 2017 512 duce

275 540 626 607 defecerunt,
679 542 735 589 et
783 540 1088 592 laboriosas
1137 544 1445 595 obsidiones
1494 546 1704 595 urbium
1755 550 2015 612 continet,

273 628 394 677 inte
454 639 588 689 quas
623 630 852 679 Avarici
879 631 1180 695 Biturigum
1216 636 1272 681 et
1297 632 1607 697 Gergoviae
1632 635 2017 687 Arvernorum.

907 798 954 846 L
973 798 1044 850 ib
1063 809 1142 848 er
1193 794 1390 847 cvm.

381 906 442 957 C.
477 904 681 956 Caesar
717 902 910 954 Gallos
942 905 1011 954 ad
1049 903 1299 955 Alesiam
1333 906 1501 970 vicit,
1544 918 1837 971 omnesque
1874 902 2046 959 Gal-5

271 995 386 1045 liae
417 994 692 1056 civitates,
725 1004 866 1055 quae
900 992 958 1039 in
973 993 1158 1043 ‘armis
1193 991 1431 1059 fuerant,
1462 995 1520 1041 in
1556 992 1881 1045 deditionem
1914 1007 2013 1045 ac-

275 1084 440 1143 cepit.
511 1079 567 1131 C.
603 1078 854 1142 Cassius,
893 1082 1149 1141 quaestor
1183 1080 1257 1129 Μ.
1296 1078 1501 1144 Crassi,
1535 1081 1797 1149 Parthos,
1830 1084 1923 1145 qui
1955 1084 2013 1133 in

273 1170 498 1231 syriam
528 1166 991 1230 transcenderant,
1027 1167 1240 1217 cecidit.
1310 1170 1375 1217 In
1410 1168 1673 1231 petitione
1698 1169 2015 1221 consulatus

193 1258 350 1306 roam.
387 1254 522 1307 Cato
558 1254 832 1318 repulsam
884 1255 1033 1320 tulit,
1085 1256 1287 1305 creatis
1325 1256 1637 1307 consulibus
1673 1258 1791 1307 Ser.
1827 1257 2015 1321 Sulpi-

275 1346 382 1407 cio,
422 1346 496 1393 Μ.
521 1343 806 1394 Marcello.
879 1342 938 1393 C.
965 1341 1170 1395 Caesar
1201 1344 1532 1397 Bellovacos
1567 1357 1687 1395 cum
1724 1344 1851 1395 aliis
1879 1332 2091 1395 Gai-1⁰

272 1432 454 1483 lorum
475 1430 690 1494 populis
714 1432 933 1483 domuit.
986 1432 1281 1483 Praeterea
1310 1436 1683 1485 contentiones
1712 1435 1860 1485 inter
1884 1445 2017 1484 con-

273 1519 425 1571 sules
461 1522 530 1569 de
563 1532 885 1570 successore
920 1519 978 1570 C.
1013 1519 1237 1571 Caesari
1266 1524 1560 1589 mittendo,
1594 1529 1795 1587 agente
1828 1525 1886 1573 in
1920 1535 2015 1575 se-

273 1612 406 1664 natu
429 1610 506 1661 Μ.
529 1608 799 1661 Marcello
832 1609 1074 1673 consule,
1113 1613 1173 1659 ut
1197 1608 1405 1661 Caesar
1437 1611 1507 1661 ad
1540 1612 1855 1673 petitionem
1884 1624 2017 1663 con-

271 1702 484 1753 sulatus
519 1704 754 1769 veniret,
795 1714 920 1753 cum
957 1698 1006 1751 is
1044 1696 1170 1763 lege
1206 1698 1323 1750 lata
1354 1701 1410 1749 in
1448 1702 1663 1763 tempus
1698 1698 2015 1749 consulatus

271 1790 588 1850 provincias
624 1791 873 1841 obtinere
907 1789 1148 1854 deberet,
1181 1802 1374 1853 resque
1408 1801 1445 1841 a
1476 1791 1553 1841 Μ.
1587 1786 1779 1838 Bibulo
1815 1787 1871 1835 in
1900 1777 2092 1852 Sy-15

272 1878 360 1927 ria
395 1880 584 1939 gestas
621 1880 880 1929 continet.

940 2021 1174 2070 Liber
1225 2019 1358 2071 CIX.

193 2135 272 2174 ⁷02
382 2124 591 2176 Causae
632 2127 880 2178 civilium
917 2139 1189 2177 armorum
1225 2132 1283 2177 et
1322 2128 1482 2178 initia
1513 2131 1843 2196 referuntur,
1881 2143 2017 2181 con-

275 2215 650 2276 tentionesque
700 2215 766 2266 de
815 2227 1136 2266 successore
1173 2213 1230 2264 C.
1274 2213 1501 2265 Caesari
1548 2217 1841 2283 mittendo,
1892 2230 2018 2269 cum

273 2313 335 2350 se
366 2302 707 2352 dimissurum
744 2306 1017 2353 exercitus
1050 2307 1295 2366 negaret,
1331 2305 1438 2351 nisi
1473 2315 1509 2352 a
1543 2305 1801 2365 Pompeio
1836 2302 2089 2355 dimit-20

275 2394 539 2438 terentur.
609 2389 678 2438 Et
718 2388 778 2438 C.
813 2388 1063 2439 Curionis
1097 2390 1300 2438 tribuni
1336 2390 1514 2451 plebis
1551 2392 1787 2450 primum
1818 2388 2019 2440 adver-

273 2489 368 2526 sus
409 2475 703 2525 Caesarem
716 2511 732 2542 ,
785 2477 981 2527 deinde
1030 2489 1128 2539 pro
1177 2473 1417 2526 Caesare
1464 2479 1711 2526 actiones
1760 2477 2017 2526 continet.

275 2563 409 2612 Cum
443 2569 670 2613 senatus
703 2565 1014 2614 consultum
1042 2565 1246 2613 factum
1268 2568 1433 2629 esset,
1472 2566 1532 2613 ut
1560 2575 1852 2613 successor
1877 2561 2019 2613 Cae·-

273 2652 390 2702 sari
423 2653 760 2715 mitteretur,
816 2655 890 2701 M.
927 2653 1167 2702 Antonio
1199 2657 1256 2701 et
1298 2647 1362 2714 Q.
1400 2649 1593 2701 Cassio
1628 2652 1861 2702 tribunis
1895 2650 2019 2712 ple·-
2123 2711 2131 2718 ἱ

275 2741 379 2802 bis,
417 2741 670 2801 quoniam
705 2740 1188 2790 intercessionibus
1217 2741 1275 2788 id
1310 2742 1533 2790 senatus
1566 2738 1876 2790 consultum
1912 2740 2016 2789 im-
2026 2738 2093 2790 25

277 2825 599 2889 patiebant,
633 2828 770 2877 urbe
805 2828 1010 2894 pulsis,
1051 2830 1366 2880 mandatum
1402 2831 1489 2877 est
1523 2841 1559 2878 a
1590 2832 1785 2877 senatu
1819 2838 2018 2877 consu-

275 2914 422 2964 libus
467 2918 526 2964 et
558 2912 654 2963 Cn.
689 2916 971 2979 Pompeio,
1017 2918 1078 2964 ut
1120 2915 1372 2965 viderent
1404 2928 1475 2965 ne
1512 2915 1639 2979 quid
1675 2927 1764 2964 res
1798 2913 2020 2976 publica

198 3001 595 3054 ⁷osdetrimenti
628 3008 870 3064 caperet.
945 3001 1004 3051 G.
1041 2999 1246 3052 Caesar
1289 3002 1436 3054 bello
1470 3003 1725 3052 inimicos
1756 3014 2019 3064 persecu-

279 3096 436 3140 turus
484 3101 604 3139 cum
653 3092 898 3142 exercitu
948 3091 1004 3141 in
1049 3088 1266 3141 Italiam
1312 3093 1499 3153 venit3
1556 3088 1851 3141 corfinium
1898 3101 2019 3142 cnm

277 3179 344 3228 Ιι.
377 3177 614 3228 Domitio
662 3181 718 3232 et
763 3179 819 3228 P.
859 3177 1094 3230 Lentulo
1143 3179 1322 3243 cepit,
1374 3189 1583 3242 eosque
1624 3179 1865 3241 dimisit?
1919 3176 2094 3232 cudo

277 3265 592 3336 Pompeium
631 3269 958 3333 ceterosque
991 3269 1228 3332 partium
1261 3268 1383 3318 eius
1415 3265 1581 3318 ltalia
1612 3265 1837 3332 expulit.
