<?xml version="1.0" encoding="UTF-8"?>
<!DOCTYPE html PUBLIC "-//W3C//DTD XHTML 1.0 Transitional//EN"
    "http://www.w3.org/TR/xhtml1/DTD/xhtml1-transitional.dtd">
<html xmlns="http://www.w3.org/1999/xhtml" xml:lang="en" lang="en">
 <head>
  <title>
</title>
<meta http-equiv="Content-Type" content="text/html;charset=utf-8" />
  <meta name='ocr-system' content='tesseract 3.04.00' />
  <meta name='ocr-capabilities' content='ocr_page ocr_carea ocr_par ocr_line ocrx_word'/>
</head>
<body>
  <div class='ocr_page' id='page_1' title='image "./catilinaetiugur00livygoog_0266.png"; bbox 0 0 2525 3925; ppageno 0'>
   <div class='ocr_carea' id='block_1_1' title="bbox 556 352 1757 409">
    <p class='ocr_par' dir='ltr' id='par_1_1' title="bbox 556 352 1757 409">
     <span class='ocr_line' id='line_1_1' title="bbox 556 352 1757 409; baseline -0.005 -1"><span class='ocrx_word' id='word_1_1' title='bbox 556 357 672 409; x_wconf 72' lang='lat'><strong>230</strong></span> <span class='ocrx_word' id='word_1_2' title='bbox 1075 354 1439 406; x_wconf 71' lang='lat' dir='ltr'><strong>EPH&#39;OMAE</strong></span> <span class='ocrx_word' id='word_1_3' title='bbox 1476 354 1537 404; x_wconf 78' lang='grc' dir='ltr'><strong>Τ.</strong></span> <span class='ocrx_word' id='word_1_4' title='bbox 1574 352 1757 403; x_wconf 80' lang='lat' dir='ltr'><strong>mvn</strong></span> 
     </span>
    </p>
   </div>
   <div class='ocr_carea' id='block_1_2' title="bbox 485 496 2363 1982">
    <p class='ocr_par' dir='ltr' id='par_1_2' title="bbox 517 496 2363 1273">
     <span class='ocr_line' id='line_1_2' title="bbox 555 496 2303 569; baseline -0.005 -15"><span class='ocrx_word' id='word_1_5' title='bbox 555 502 886 569; x_wconf 72' lang='lat' dir='ltr'><strong>Hannibale,</strong></span> <span class='ocrx_word' id='word_1_6' title='bbox 935 504 990 552; x_wconf 87' lang='lat' dir='ltr'><strong>et</strong></span> <span class='ocrx_word' id='word_1_7' title='bbox 1035 514 1155 551; x_wconf 86' lang='lat' dir='ltr'><strong>cum</strong></span> <span class='ocrx_word' id='word_1_8' title='bbox 1203 502 1450 552; x_wconf 84' lang='lat' dir='ltr'><strong>exercitu</strong></span> <span class='ocrx_word' id='word_1_9' title='bbox 1502 510 1697 554; x_wconf 81' lang='lat' dir='ltr'><strong>caesus</strong></span> <span class='ocrx_word' id='word_1_10' title='bbox 1748 503 1847 549; x_wconf 88' lang='lat' dir='ltr'><strong>est.</strong></span> <span class='ocrx_word' id='word_1_11' title='bbox 1918 496 2014 548; x_wconf 82' lang='lat' dir='ltr'><strong>Cn.</strong></span> <span class='ocrx_word' id='word_1_12' title='bbox 2062 496 2303 547; x_wconf 77' lang='lat' dir='ltr'><strong>Fulvius</strong></span> 
     </span>
     <span class='ocr_line' id='line_1_3' title="bbox 553 586 2303 655; baseline -0.004 -12"><span class='ocrx_word' id='word_1_13' title='bbox 553 594 774 655; x_wconf 84' lang='lat' dir='ltr'><strong>praetor</strong></span> <span class='ocrx_word' id='word_1_14' title='bbox 819 591 961 641; x_wconf 83' lang='lat' dir='ltr'><strong>male</strong></span> <span class='ocrx_word' id='word_1_15' title='bbox 1007 592 1271 639; x_wconf 82' lang='lat' dir='ltr'><strong>adversus</strong></span> <span class='ocrx_word' id='word_1_16' title='bbox 1320 588 1675 640; x_wconf 79' lang='lat' dir='ltr'><strong>Hannibalem</strong></span> <span class='ocrx_word' id='word_1_17' title='bbox 1726 586 1989 652; x_wconf 79' lang='lat' dir='ltr'><strong>pugnavit</strong></span> <span class='ocrx_word' id='word_1_18' title='bbox 2006 600 2025 652; x_wconf 79' lang='lat'>3</span> <span class='ocrx_word' id='word_1_19' title='bbox 2078 589 2135 637; x_wconf 88' lang='lat' dir='ltr'><strong>in</strong></span> <span class='ocrx_word' id='word_1_20' title='bbox 2196 598 2303 650; x_wconf 84' lang='lat' dir='ltr'><strong>quo</strong></span> 
     </span>
     <span class='ocr_line' id='line_1_4' title="bbox 557 677 2302 745; baseline -0.004 -13"><span class='ocrx_word' id='word_1_21' title='bbox 557 680 770 745; x_wconf 80' lang='lat' dir='ltr'><strong>proelio</strong></span> <span class='ocrx_word' id='word_1_22' title='bbox 807 679 1078 729; x_wconf 84' lang='lat' dir='ltr'><strong>hominum</strong></span> <span class='ocrx_word' id='word_1_23' title='bbox 1121 679 1394 727; x_wconf 76' lang='lat' dir='ltr'>sexdecim</span> <span class='ocrx_word' id='word_1_24' title='bbox 1436 677 1587 727; x_wconf 85' lang='lat' dir='ltr'><strong>milia</strong></span> <span class='ocrx_word' id='word_1_25' title='bbox 1632 678 1975 739; x_wconf 84' lang='lat' dir='ltr'><strong>ceciderunt,</strong></span> <span class='ocrx_word' id='word_1_26' title='bbox 2024 677 2147 738; x_wconf 85' lang='lat' dir='ltr'><strong>ipse</strong></span> <span class='ocrx_word' id='word_1_27' title='bbox 2182 686 2302 725; x_wconf 88' lang='lat' dir='ltr'><strong>cum</strong></span> 
     </span>
     <span class='ocr_line' id='line_1_5' title="bbox 559 761 2302 833; baseline -0.003 -13"><span class='ocrx_word' id='word_1_28' title='bbox 559 771 832 833; x_wconf 86' lang='lat' dir='ltr'><strong>equitibus</strong></span> <span class='ocrx_word' id='word_1_29' title='bbox 873 768 1120 819; x_wconf 85' lang='lat' dir='ltr'><strong>ducentis</strong></span> <span class='ocrx_word' id='word_1_30' title='bbox 1155 765 1362 831; x_wconf 75' lang='lat' dir='ltr'><strong>effugit.</strong></span> <span class='ocrx_word' id='word_1_31' title='bbox 1437 765 1623 829; x_wconf 75' lang='lat' dir='ltr'><strong>capua</strong></span> <span class='ocrx_word' id='word_1_32' title='bbox 1662 766 1883 816; x_wconf 80' lang='lat' dir='ltr'><strong>obsessa</strong></span> <span class='ocrx_word' id='word_1_33' title='bbox 1906 768 1991 815; x_wconf 86' lang='lat' dir='ltr'><strong>est</strong></span> <span class='ocrx_word' id='word_1_34' title='bbox 2012 776 2048 815; x_wconf 85' lang='lat' dir='ltr'><strong>a</strong></span> <span class='ocrx_word' id='word_1_35' title='bbox 2076 761 2143 829; x_wconf 81' lang='lat' dir='ltr'><strong>Q.</strong></span> <span class='ocrx_word' id='word_1_36' title='bbox 2164 764 2302 815; x_wconf 80' lang='lat' dir='ltr'><strong>Ful-</strong></span> 
     </span>
     <span class='ocr_line' id='line_1_6' title="bbox 517 853 2363 921; baseline -0.007 -11"><span class='ocrx_word' id='word_1_37' title='bbox 517 861 656 911; x_wconf 86' lang='lat' dir='ltr'><strong>5vio</strong></span> <span class='ocrx_word' id='word_1_38' title='bbox 691 862 747 909; x_wconf 91' lang='lat' dir='ltr'><strong>et</strong></span> <span class='ocrx_word' id='word_1_39' title='bbox 782 860 881 921; x_wconf 84' lang='lat' dir='ltr'><strong>Ap.</strong></span> <span class='ocrx_word' id='word_1_40' title='bbox 910 856 1140 908; x_wconf 78' lang='lat' dir='ltr'><strong>claudio</strong></span> <span class='ocrx_word' id='word_1_41' title='bbox 1176 855 1503 907; x_wconf 86' lang='lat' dir='ltr'><strong>consulibus.</strong></span> <span class='ocrx_word' id='word_1_42' title='bbox 1578 854 1837 905; x_wconf 82' lang='lat' dir='ltr'><strong>Claudius</strong></span> <span class='ocrx_word' id='word_1_43' title='bbox 1860 853 2162 904; x_wconf 81' lang='lat' dir='ltr'><strong>Marcellus</strong></span> <span class='ocrx_word' id='word_1_44' title='bbox 2188 856 2363 917; x_wconf 68' lang='lat' dir='ltr'><strong>sy-m</strong></span> 
     </span>
     <span class='ocr_line' id='line_1_7' title="bbox 557 943 2301 1011; baseline -0.004 -13"><span class='ocrx_word' id='word_1_45' title='bbox 557 959 786 999; x_wconf 82' lang='lat' dir='ltr'><strong>racusas</strong></span> <span class='ocrx_word' id='word_1_46' title='bbox 821 947 1156 1011; x_wconf 83' lang='lat' dir='ltr'><strong>expugnavit</strong></span> <span class='ocrx_word' id='word_1_47' title='bbox 1192 956 1337 995; x_wconf 81' lang='lat' dir='ltr'><strong>anno</strong></span> <span class='ocrx_word' id='word_1_48' title='bbox 1377 946 1565 1007; x_wconf 86' lang='lat' dir='ltr'><strong>tertio,</strong></span> <span class='ocrx_word' id='word_1_49' title='bbox 1614 950 1671 994; x_wconf 87' lang='lat' dir='ltr'><strong>et</strong></span> <span class='ocrx_word' id='word_1_50' title='bbox 1704 944 1984 1006; x_wconf 82' lang='lat' dir='ltr'><strong>ingentem</strong></span> <span class='ocrx_word' id='word_1_51' title='bbox 2021 954 2083 993; x_wconf 84' lang='lat' dir='ltr'><strong>se</strong></span> <span class='ocrx_word' id='word_1_52' title='bbox 2118 943 2301 992; x_wconf 82' lang='lat' dir='ltr'><strong>virum</strong></span> 
     </span>
     <span class='ocr_line' id='line_1_8' title="bbox 557 1032 2300 1101; baseline -0.003 -15"><span class='ocrx_word' id='word_1_53' title='bbox 557 1037 744 1101; x_wconf 80' lang='lat' dir='ltr'><strong>gessit.</strong></span> <span class='ocrx_word' id='word_1_54' title='bbox 817 1038 880 1086; x_wconf 81' lang='lat' dir='ltr'><strong>In</strong></span> <span class='ocrx_word' id='word_1_55' title='bbox 915 1047 981 1085; x_wconf 89' lang='lat' dir='ltr'><strong>eo</strong></span> <span class='ocrx_word' id='word_1_56' title='bbox 1019 1034 1250 1084; x_wconf 77' lang='lat' dir='ltr'><strong>tumultu</strong></span> <span class='ocrx_word' id='word_1_57' title='bbox 1300 1034 1449 1084; x_wconf 86' lang='lat' dir='ltr'><strong>urbis</strong></span> <span class='ocrx_word' id='word_1_58' title='bbox 1486 1036 1675 1096; x_wconf 87' lang='lat' dir='ltr'><strong>captae</strong></span> <span class='ocrx_word' id='word_1_59' title='bbox 1706 1032 2077 1096; x_wconf 77' lang='lat' dir='ltr'>Archimedes,</span> <span class='ocrx_word' id='word_1_60' title='bbox 2115 1032 2300 1082; x_wconf 85' lang='lat' dir='ltr'><strong>inten-</strong></span> 
     </span>
     <span class='ocr_line' id='line_1_9' title="bbox 559 1121 2298 1188; baseline -0.003 -15"><span class='ocrx_word' id='word_1_61' title='bbox 559 1130 646 1173; x_wconf 86' lang='lat' dir='ltr'><strong>tus</strong></span> <span class='ocrx_word' id='word_1_62' title='bbox 678 1126 868 1174; x_wconf 81' lang='lat' dir='ltr'><strong>formis</strong></span> <span class='ocrx_word' id='word_1_63' title='bbox 905 1136 1037 1186; x_wconf 83' lang='lat' dir='ltr'><strong>quas</strong></span> <span class='ocrx_word' id='word_1_64' title='bbox 1073 1124 1129 1171; x_wconf 88' lang='lat' dir='ltr'><strong>in</strong></span> <span class='ocrx_word' id='word_1_65' title='bbox 1176 1121 1405 1185; x_wconf 86' lang='lat' dir='ltr'><strong>pulvere</strong></span> <span class='ocrx_word' id='word_1_66' title='bbox 1430 1122 1809 1188; x_wconf 74' lang='lat' dir='ltr'><strong>descripserat,</strong></span> <span class='ocrx_word' id='word_1_67' title='bbox 1852 1122 2175 1171; x_wconf 78' lang='lat' dir='ltr'><strong>interfectus</strong></span> <span class='ocrx_word' id='word_1_68' title='bbox 2198 1124 2298 1171; x_wconf 87' lang='lat' dir='ltr'><strong>est.</strong></span> 
     </span>
     <span class='ocr_line' id='line_1_10' title="bbox 555 1208 2301 1273; baseline 0 -14"><span class='ocrx_word' id='word_1_69' title='bbox 555 1212 613 1259; x_wconf 86' lang='lat' dir='ltr'><strong>P.</strong></span> <span class='ocrx_word' id='word_1_70' title='bbox 643 1215 702 1261; x_wconf 87' lang='lat' dir='ltr'><strong>et</strong></span> <span class='ocrx_word' id='word_1_71' title='bbox 733 1208 827 1261; x_wconf 82' lang='lat' dir='ltr'><strong>Cn.</strong></span> <span class='ocrx_word' id='word_1_72' title='bbox 854 1213 1138 1273; x_wconf 82' lang='lat' dir='ltr'><strong>Scipiones</strong></span> <span class='ocrx_word' id='word_1_73' title='bbox 1178 1213 1234 1260; x_wconf 88' lang='lat' dir='ltr'><strong>in</strong></span> <span class='ocrx_word' id='word_1_74' title='bbox 1278 1212 1541 1273; x_wconf 74' lang='lat' dir='ltr'><strong>Hispania</strong></span> <span class='ocrx_word' id='word_1_75' title='bbox 1580 1212 1662 1260; x_wconf 84' lang='lat' dir='ltr'><strong>tot</strong></span> <span class='ocrx_word' id='word_1_76' title='bbox 1700 1212 2085 1273; x_wconf 83' lang='lat' dir='ltr'><strong>tantarumque</strong></span> <span class='ocrx_word' id='word_1_77' title='bbox 2118 1220 2301 1261; x_wconf 80' lang='lat' dir='ltr'><strong>rerum</strong></span> 
     </span>
    </p>

    <p class='ocr_par' dir='ltr' id='par_1_3' title="bbox 485 1299 2307 1717">
     <span class='ocr_line' id='line_1_11' title="bbox 485 1299 2305 1365; baseline -0.005 -9"><span class='ocrx_word' id='word_1_78' title='bbox 485 1299 804 1356; x_wconf 77' lang='lat' dir='ltr'><strong>101&#39;eliciter</strong></span> <span class='ocrx_word' id='word_1_79' title='bbox 843 1305 1121 1365; x_wconf 83' lang='lat' dir='ltr'><strong>gestarum</strong></span> <span class='ocrx_word' id='word_1_80' title='bbox 1163 1301 1373 1350; x_wconf 83' lang='lat' dir='ltr'><strong>tristem</strong></span> <span class='ocrx_word' id='word_1_81' title='bbox 1412 1301 1612 1350; x_wconf 81' lang='lat' dir='ltr'><strong>exitum</strong></span> <span class='ocrx_word' id='word_1_82' title='bbox 1653 1299 1925 1362; x_wconf 83' lang='lat' dir='ltr'><strong>tulerunt,</strong></span> <span class='ocrx_word' id='word_1_83' title='bbox 1977 1310 2147 1361; x_wconf 88' lang='lat' dir='ltr'><strong>prope</strong></span> <span class='ocrx_word' id='word_1_84' title='bbox 2188 1310 2305 1348; x_wconf 85' lang='lat' dir='ltr'><strong>cnm</strong></span> 
     </span>
     <span class='ocr_line' id='line_1_12' title="bbox 560 1388 2304 1449; baseline -0.002 -10"><span class='ocrx_word' id='word_1_85' title='bbox 560 1390 688 1439; x_wconf 82' lang='lat' dir='ltr'><strong>totis</strong></span> <span class='ocrx_word' id='word_1_86' title='bbox 721 1390 1054 1439; x_wconf 77' lang='lat' dir='ltr'><strong>exercitibus</strong></span> <span class='ocrx_word' id='word_1_87' title='bbox 1092 1390 1237 1437; x_wconf 83' lang='lat' dir='ltr'><strong>caesi</strong></span> <span class='ocrx_word' id='word_1_88' title='bbox 1276 1398 1419 1438; x_wconf 89' lang='lat' dir='ltr'><strong>anno</strong></span> <span class='ocrx_word' id='word_1_89' title='bbox 1465 1390 1664 1438; x_wconf 85' lang='lat' dir='ltr'><strong>octavo</strong></span> <span class='ocrx_word' id='word_1_90' title='bbox 1698 1398 1853 1449; x_wconf 85' lang='lat' dir='ltr'><strong>quam</strong></span> <span class='ocrx_word' id='word_1_91' title='bbox 1888 1388 1950 1435; x_wconf 82' lang='lat' dir='ltr'><strong>in</strong></span> <span class='ocrx_word' id='word_1_92' title='bbox 1984 1388 2304 1447; x_wconf 80' lang='lat' dir='ltr'><strong>Hispaniam</strong></span> 
     </span>
     <span class='ocr_line' id='line_1_13' title="bbox 558 1475 2305 1540; baseline -0.001 -15"><span class='ocrx_word' id='word_1_93' title='bbox 558 1478 792 1527; x_wconf 78' lang='lat' dir='ltr'><strong>iverant.</strong></span> <span class='ocrx_word' id='word_1_94' title='bbox 849 1478 1178 1538; x_wconf 84' lang='lat' dir='ltr'><strong>Amissaque</strong></span> <span class='ocrx_word' id='word_1_95' title='bbox 1211 1476 1329 1523; x_wconf 89' lang='lat' dir='ltr'><strong>eius</strong></span> <span class='ocrx_word' id='word_1_96' title='bbox 1362 1476 1679 1536; x_wconf 85' lang='lat' dir='ltr'><strong>provinciae</strong></span> <span class='ocrx_word' id='word_1_97' title='bbox 1702 1476 1975 1537; x_wconf 86' lang='lat' dir='ltr'><strong>possessio</strong></span> <span class='ocrx_word' id='word_1_98' title='bbox 1998 1475 2165 1540; x_wconf 78' lang='lat' dir='ltr'><strong>foret,</strong></span> <span class='ocrx_word' id='word_1_99' title='bbox 2200 1475 2305 1524; x_wconf 83' lang='lat' dir='ltr'><strong>nisi</strong></span> 
     </span>
     <span class='ocr_line' id='line_1_14' title="bbox 557 1563 2307 1627; baseline -0.002 -14"><span class='ocrx_word' id='word_1_100' title='bbox 557 1566 620 1613; x_wconf 80' lang='lat' dir='ltr'><strong>L.</strong></span> <span class='ocrx_word' id='word_1_101' title='bbox 646 1566 841 1615; x_wconf 86' lang='lat' dir='ltr'><strong>Marcii</strong></span> <span class='ocrx_word' id='word_1_102' title='bbox 873 1566 1071 1627; x_wconf 87' lang='lat' dir='ltr'><strong>equitis</strong></span> <span class='ocrx_word' id='word_1_103' title='bbox 1101 1564 1331 1613; x_wconf 84' lang='lat' dir='ltr'><strong>Romani</strong></span> <span class='ocrx_word' id='word_1_104' title='bbox 1367 1563 1570 1613; x_wconf 84' lang='lat' dir='ltr'><strong>virtute</strong></span> <span class='ocrx_word' id='word_1_105' title='bbox 1610 1567 1665 1613; x_wconf 90' lang='lat' dir='ltr'><strong>et</strong></span> <span class='ocrx_word' id='word_1_106' title='bbox 1694 1564 1965 1613; x_wconf 82' lang='lat' dir='ltr'><strong>industria</strong></span> <span class='ocrx_word' id='word_1_107' title='bbox 2000 1563 2307 1613; x_wconf 88' lang='lat' dir='ltr'><strong>contractis</strong></span> 
     </span>
     <span class='ocr_line' id='line_1_15' title="bbox 535 1649 2305 1717; baseline -0.002 -14"><span class='ocrx_word' id='word_1_108' title='bbox 535 1655 896 1703; x_wconf 74' lang='lat' dir='ltr'><strong>‘exercituum</strong></span> <span class='ocrx_word' id='word_1_109' title='bbox 936 1651 1218 1717; x_wconf 85' lang='lat' dir='ltr'><strong>reliquiis,</strong></span> <span class='ocrx_word' id='word_1_110' title='bbox 1273 1650 1510 1700; x_wconf 86' lang='lat' dir='ltr'><strong>eiusdem</strong></span> <span class='ocrx_word' id='word_1_111' title='bbox 1557 1649 1773 1703; x_wconf 81' lang='lat' dir='ltr'><strong>hortatu</strong></span> <span class='ocrx_word' id='word_1_112' title='bbox 1808 1653 1934 1702; x_wconf 81' lang='lat' dir='ltr'><strong>bina</strong></span> <span class='ocrx_word' id='word_1_113' title='bbox 1978 1654 2167 1700; x_wconf 83' lang='lat' dir='ltr'><strong>castra</strong></span> <span class='ocrx_word' id='word_1_114' title='bbox 2208 1653 2305 1700; x_wconf 85' lang='lat' dir='ltr'><strong>ho-</strong></span> 
     </span>
    </p>

    <p class='ocr_par' dir='ltr' id='par_1_4' title="bbox 486 1738 2305 1982">
     <span class='ocr_line' id='line_1_16' title="bbox 486 1738 2305 1806; baseline -0.001 -15"><span class='ocrx_word' id='word_1_115' title='bbox 486 1746 546 1797; x_wconf 87' lang='lat'><strong>15</strong></span> <span class='ocrx_word' id='word_1_116' title='bbox 564 1743 728 1791; x_wconf 87' lang='lat' dir='ltr'><strong>stium</strong></span> <span class='ocrx_word' id='word_1_117' title='bbox 755 1744 1065 1806; x_wconf 83' lang='lat' dir='ltr'><strong>expugnata</strong></span> <span class='ocrx_word' id='word_1_118' title='bbox 1091 1744 1293 1790; x_wconf 86' lang='lat' dir='ltr'><strong>essent.</strong></span> <span class='ocrx_word' id='word_1_119' title='bbox 1347 1738 1431 1787; x_wconf 80' lang='lat' dir='ltr'><strong>Ad</strong></span> <span class='ocrx_word' id='word_1_120' title='bbox 1459 1740 1684 1803; x_wconf 82' lang='lat' dir='ltr'><strong>triginta</strong></span> <span class='ocrx_word' id='word_1_121' title='bbox 1711 1743 1921 1802; x_wconf 87' lang='lat' dir='ltr'><strong>septem</strong></span> <span class='ocrx_word' id='word_1_122' title='bbox 1942 1738 2097 1789; x_wconf 75' lang='lat' dir='ltr'><strong>milia</strong></span> <span class='ocrx_word' id='word_1_123' title='bbox 2123 1752 2305 1805; x_wconf 87' lang='lat' dir='ltr'><strong>caesa,</strong></span> 
     </span>
     <span class='ocr_line' id='line_1_17' title="bbox 559 1827 2303 1894; baseline -0.003 -14"><span class='ocrx_word' id='word_1_124' title='bbox 559 1830 627 1880; x_wconf 84' lang='lat' dir='ltr'><strong>ad</strong></span> <span class='ocrx_word' id='word_1_125' title='bbox 664 1830 815 1880; x_wconf 84' lang='lat' dir='ltr'><strong>mille</strong></span> <span class='ocrx_word' id='word_1_126' title='bbox 846 1832 1188 1893; x_wconf 82' lang='lat' dir='ltr'><strong>octingentos</strong></span> <span class='ocrx_word' id='word_1_127' title='bbox 1220 1830 1447 1893; x_wconf 82' lang='lat' dir='ltr'><strong>triginta</strong></span> <span class='ocrx_word' id='word_1_128' title='bbox 1473 1830 1637 1894; x_wconf 89' lang='lat' dir='ltr'><strong>capti,</strong></span> <span class='ocrx_word' id='word_1_129' title='bbox 1673 1827 1874 1890; x_wconf 87' lang='lat' dir='ltr'><strong>praeda</strong></span> <span class='ocrx_word' id='word_1_130' title='bbox 1905 1828 2103 1892; x_wconf 79' lang='lat' dir='ltr'><strong>ingens</strong></span> <span class='ocrx_word' id='word_1_131' title='bbox 2129 1832 2303 1890; x_wconf 85' lang='lat' dir='ltr'><strong>parta.</strong></span> 
     </span>
     <span class='ocr_line' id='line_1_18' title="bbox 560 1918 1441 1982; baseline -0.001 -14"><span class='ocrx_word' id='word_1_132' title='bbox 560 1920 683 1968; x_wconf 85' lang='lat' dir='ltr'><strong>Dux</strong></span> <span class='ocrx_word' id='word_1_133' title='bbox 721 1920 959 1969; x_wconf 86' lang='lat' dir='ltr'><strong>Marcius</strong></span> <span class='ocrx_word' id='word_1_134' title='bbox 995 1918 1304 1982; x_wconf 87' lang='lat' dir='ltr'><strong>appellatus</strong></span> <span class='ocrx_word' id='word_1_135' title='bbox 1342 1918 1441 1968; x_wconf 88' lang='lat' dir='ltr'><strong>est.</strong></span> 
     </span>
    </p>
   </div>
   <div class='ocr_carea' id='block_1_3' title="bbox 1193 2075 1677 2125">
    <p class='ocr_par' dir='ltr' id='par_1_5' title="bbox 1193 2075 1677 2125">
     <span class='ocr_line' id='line_1_19' title="bbox 1193 2075 1677 2125; baseline 0 -1"><span class='ocrx_word' id='word_1_136' title='bbox 1193 2075 1435 2125; x_wconf 84' lang='lat' dir='ltr'><strong>Liber</strong></span> <span class='ocrx_word' id='word_1_137' title='bbox 1484 2075 1677 2125; x_wconf 82' lang='lat' dir='ltr'><strong>xxvl.</strong></span> 
     </span>
    </p>
   </div>
   <div class='ocr_carea' id='block_1_4' title="bbox 481 2180 2371 3404">
    <p class='ocr_par' dir='ltr' id='par_1_6' title="bbox 481 2180 2371 3404">
     <span class='ocr_line' id='line_1_20' title="bbox 665 2180 2299 2244; baseline 0.001 -16"><span class='ocrx_word' id='word_1_138' title='bbox 665 2180 937 2229; x_wconf 76' lang='lat' dir='ltr'><strong>Hannibal</strong></span> <span class='ocrx_word' id='word_1_139' title='bbox 978 2180 1044 2228; x_wconf 84' lang='lat' dir='ltr'><strong>ad</strong></span> <span class='ocrx_word' id='word_1_140' title='bbox 1083 2182 1305 2229; x_wconf 86' lang='lat' dir='ltr'><strong>tertium</strong></span> <span class='ocrx_word' id='word_1_141' title='bbox 1356 2182 1422 2230; x_wconf 80' lang='lat' dir='ltr'><strong>ab</strong></span> <span class='ocrx_word' id='word_1_142' title='bbox 1470 2183 1606 2232; x_wconf 84' lang='lat' dir='ltr'><strong>urbe</strong></span> <span class='ocrx_word' id='word_1_143' title='bbox 1641 2182 1812 2232; x_wconf 86' lang='lat' dir='ltr'><strong>Roma</strong></span> <span class='ocrx_word' id='word_1_144' title='bbox 1854 2182 2091 2244; x_wconf 78' lang='lat' dir='ltr'><strong>lapidem</strong></span> <span class='ocrx_word' id='word_1_145' title='bbox 2138 2193 2299 2244; x_wconf 82' lang='lat' dir='ltr'><strong>super</strong></span> 
     </span>
     <span class='ocr_line' id='line_1_21' title="bbox 484 2265 2301 2332; baseline 0.002 -16"><span class='ocrx_word' id='word_1_146' title='bbox 484 2265 550 2316; x_wconf 87' lang='lat'><strong>20</strong></span> <span class='ocrx_word' id='word_1_147' title='bbox 567 2269 828 2318; x_wconf 81' lang='lat' dir='ltr'><strong>Anienem</strong></span> <span class='ocrx_word' id='word_1_148' title='bbox 869 2271 1052 2317; x_wconf 86' lang='lat' dir='ltr'><strong>castra</strong></span> <span class='ocrx_word' id='word_1_149' title='bbox 1087 2271 1300 2332; x_wconf 83' lang='lat' dir='ltr'><strong>posuit3</strong></span> <span class='ocrx_word' id='word_1_150' title='bbox 1357 2272 1475 2332; x_wconf 84' lang='lat' dir='ltr'><strong>ipse</strong></span> <span class='ocrx_word' id='word_1_151' title='bbox 1513 2283 1648 2321; x_wconf 84' lang='lat' dir='ltr'><strong>vero</strong></span> <span class='ocrx_word' id='word_1_152' title='bbox 1686 2283 1804 2320; x_wconf 87' lang='lat' dir='ltr'><strong>cum</strong></span> <span class='ocrx_word' id='word_1_153' title='bbox 1841 2271 2047 2320; x_wconf 81' lang='lat' dir='ltr'><strong>dnobus</strong></span> <span class='ocrx_word' id='word_1_154' title='bbox 2084 2271 2301 2322; x_wconf 82' lang='lat' dir='ltr'><strong>milibus</strong></span> 
     </span>
     <span class='ocr_line' id='line_1_22' title="bbox 557 2356 2299 2422; baseline 0 -14"><span class='ocrx_word' id='word_1_155' title='bbox 557 2359 795 2422; x_wconf 87' lang='lat' dir='ltr'><strong>equitum</strong></span> <span class='ocrx_word' id='word_1_156' title='bbox 823 2367 989 2419; x_wconf 87' lang='lat' dir='ltr'><strong>usque</strong></span> <span class='ocrx_word' id='word_1_157' title='bbox 1014 2356 1080 2406; x_wconf 90' lang='lat' dir='ltr'><strong>ad</strong></span> <span class='ocrx_word' id='word_1_158' title='bbox 1109 2359 1281 2418; x_wconf 83' lang='lat' dir='ltr'><strong>ipsam</strong></span> <span class='ocrx_word' id='word_1_159' title='bbox 1310 2357 1580 2421; x_wconf 77' lang='lat' dir='ltr'><strong>Capenam</strong></span> <span class='ocrx_word' id='word_1_160' title='bbox 1616 2361 1840 2422; x_wconf 86' lang='lat' dir='ltr'><strong>portam,</strong></span> <span class='ocrx_word' id='word_1_161' title='bbox 1878 2363 1939 2409; x_wconf 79' lang='lat' dir='ltr'><strong>ut</strong></span> <span class='ocrx_word' id='word_1_162' title='bbox 1964 2361 2113 2410; x_wconf 80' lang='lat' dir='ltr'><strong>urbis</strong></span> <span class='ocrx_word' id='word_1_163' title='bbox 2138 2362 2299 2409; x_wconf 86' lang='lat' dir='ltr'><strong>situm</strong></span> 
     </span>
     <span class='ocr_line' id='line_1_23' title="bbox 557 2446 2301 2509; baseline 0.001 -13"><span class='ocrx_word' id='word_1_164' title='bbox 557 2446 901 2509; x_wconf 84' lang='lat' dir='ltr'><strong>exploraret,</strong></span> <span class='ocrx_word' id='word_1_165' title='bbox 937 2448 1290 2508; x_wconf 82' lang='lat' dir='ltr'><strong>obequitavit.</strong></span> <span class='ocrx_word' id='word_1_166' title='bbox 1362 2448 1431 2498; x_wconf 79' lang='lat' dir='ltr'><strong>Et</strong></span> <span class='ocrx_word' id='word_1_167' title='bbox 1470 2460 1587 2497; x_wconf 88' lang='lat' dir='ltr'><strong>cum</strong></span> <span class='ocrx_word' id='word_1_168' title='bbox 1626 2460 1727 2509; x_wconf 89' lang='lat' dir='ltr'><strong>per</strong></span> <span class='ocrx_word' id='word_1_169' title='bbox 1760 2447 1991 2498; x_wconf 86' lang='lat' dir='ltr'><strong>triduum</strong></span> <span class='ocrx_word' id='word_1_170' title='bbox 2028 2450 2083 2498; x_wconf 89' lang='lat' dir='ltr'><strong>in</strong></span> <span class='ocrx_word' id='word_1_171' title='bbox 2125 2451 2301 2498; x_wconf 85' lang='lat' dir='ltr'><strong>aciem</strong></span> 
     </span>
     <span class='ocr_line' id='line_1_24' title="bbox 555 2536 2302 2603; baseline 0.002 -20"><span class='ocrx_word' id='word_1_172' title='bbox 555 2537 808 2597; x_wconf 84' lang='lat' dir='ltr'><strong>utrinque</strong></span> <span class='ocrx_word' id='word_1_173' title='bbox 843 2536 1116 2584; x_wconf 82' lang='lat' dir='ltr'><strong>exercitus</strong></span> <span class='ocrx_word' id='word_1_174' title='bbox 1153 2538 1327 2585; x_wconf 88' lang='lat' dir='ltr'><strong>omnis</strong></span> <span class='ocrx_word' id='word_1_175' title='bbox 1353 2537 1743 2603; x_wconf 82' lang='lat' dir='ltr'><strong>descendisset,</strong></span> <span class='ocrx_word' id='word_1_176' title='bbox 1781 2541 2054 2586; x_wconf 86' lang='lat' dir='ltr'><strong>certamen</strong></span> <span class='ocrx_word' id='word_1_177' title='bbox 2093 2541 2302 2600; x_wconf 85' lang='lat' dir='ltr'><strong>tempe-</strong></span> 
     </span>
     <span class='ocr_line' id='line_1_25' title="bbox 556 2622 2303 2691; baseline 0.002 -19"><span class='ocrx_word' id='word_1_178' title='bbox 556 2626 670 2674; x_wconf 86' lang='lat' dir='ltr'><strong>stas</strong></span> <span class='ocrx_word' id='word_1_179' title='bbox 709 2622 958 2673; x_wconf 82' lang='lat' dir='ltr'><strong>diremit:</strong></span> <span class='ocrx_word' id='word_1_180' title='bbox 1006 2633 1128 2672; x_wconf 85' lang='lat' dir='ltr'><strong>nam</strong></span> <span class='ocrx_word' id='word_1_181' title='bbox 1167 2634 1289 2672; x_wconf 88' lang='lat' dir='ltr'><strong>cum</strong></span> <span class='ocrx_word' id='word_1_182' title='bbox 1326 2626 1384 2672; x_wconf 86' lang='lat' dir='ltr'><strong>in</strong></span> <span class='ocrx_word' id='word_1_183' title='bbox 1421 2627 1607 2674; x_wconf 87' lang='lat' dir='ltr'><strong>castra</strong></span> <span class='ocrx_word' id='word_1_184' title='bbox 1640 2626 1948 2691; x_wconf 83' lang='lat' dir='ltr'><strong>rediissent,</strong></span> <span class='ocrx_word' id='word_1_185' title='bbox 1986 2627 2173 2675; x_wconf 86' lang='lat' dir='ltr'><strong>statim</strong></span> <span class='ocrx_word' id='word_1_186' title='bbox 2210 2637 2303 2676; x_wconf 88' lang='lat' dir='ltr'><strong>se·</strong></span> 
     </span>
     <span class='ocr_line' id='line_1_26' title="bbox 481 2709 2371 2776; baseline 0.002 -14"><span class='ocrx_word' id='word_1_187' title='bbox 481 2709 546 2762; x_wconf 82' lang='lat'><strong>25</strong></span> <span class='ocrx_word' id='word_1_188' title='bbox 559 2713 766 2762; x_wconf 81' lang='lat' dir='ltr'><strong>recitas</strong></span> <span class='ocrx_word' id='word_1_189' title='bbox 800 2715 936 2761; x_wconf 85' lang='lat' dir='ltr'><strong>erat.</strong></span> <span class='ocrx_word' id='word_1_190' title='bbox 1010 2709 1198 2774; x_wconf 88' lang='lat' dir='ltr'><strong>Capua</strong></span> <span class='ocrx_word' id='word_1_191' title='bbox 1235 2716 1397 2773; x_wconf 89' lang='lat' dir='ltr'><strong>capta</strong></span> <span class='ocrx_word' id='word_1_192' title='bbox 1434 2715 1518 2761; x_wconf 88' lang='lat' dir='ltr'><strong>est</strong></span> <span class='ocrx_word' id='word_1_193' title='bbox 1544 2725 1577 2762; x_wconf 89' lang='lat' dir='ltr'><strong>a</strong></span> <span class='ocrx_word' id='word_1_194' title='bbox 1602 2709 1667 2776; x_wconf 81' lang='lat' dir='ltr'><strong>Q.</strong></span> <span class='ocrx_word' id='word_1_195' title='bbox 1693 2713 1893 2762; x_wconf 79' lang='lat' dir='ltr'><strong>Fulvio</strong></span> <span class='ocrx_word' id='word_1_196' title='bbox 1929 2716 1983 2764; x_wconf 89' lang='lat' dir='ltr'><strong>et</strong></span> <span class='ocrx_word' id='word_1_197' title='bbox 2006 2715 2108 2776; x_wconf 84' lang='lat' dir='ltr'><strong>Ap.</strong></span> <span class='ocrx_word' id='word_1_198' title='bbox 2134 2712 2371 2776; x_wconf 58' lang='lat' dir='ltr'><strong>Clau-523</strong></span> 
     </span>
     <span class='ocr_line' id='line_1_27' title="bbox 559 2797 2305 2863; baseline 0.003 -15"><span class='ocrx_word' id='word_1_199' title='bbox 559 2801 648 2850; x_wconf 86' lang='lat' dir='ltr'><strong>dio</strong></span> <span class='ocrx_word' id='word_1_200' title='bbox 675 2799 1004 2850; x_wconf 88' lang='lat' dir='ltr'><strong>consulibus.</strong></span> <span class='ocrx_word' id='word_1_201' title='bbox 1057 2800 1339 2863; x_wconf 85' lang='lat' dir='ltr'><strong>Principes</strong></span> <span class='ocrx_word' id='word_1_202' title='bbox 1364 2797 1763 2862; x_wconf 82' lang='lat' dir='ltr'><strong>Campanorum</strong></span> <span class='ocrx_word' id='word_1_203' title='bbox 1800 2814 2009 2853; x_wconf 83' lang='lat' dir='ltr'><strong>veneno</strong></span> <span class='ocrx_word' id='word_1_204' title='bbox 2036 2803 2141 2853; x_wconf 87' lang='lat' dir='ltr'><strong>sibi</strong></span> <span class='ocrx_word' id='word_1_205' title='bbox 2170 2815 2305 2853; x_wconf 91' lang='lat' dir='ltr'><strong>con-</strong></span> 
     </span>
     <span class='ocr_line' id='line_1_28' title="bbox 557 2887 2304 2958; baseline 0.003 -22"><span class='ocrx_word' id='word_1_206' title='bbox 557 2890 840 2958; x_wconf 82' lang='lat' dir='ltr'><strong>sciverunt</strong></span> <span class='ocrx_word' id='word_1_207' title='bbox 875 2897 1122 2939; x_wconf 86' lang='lat' dir='ltr'><strong>mortem.</strong></span> <span class='ocrx_word' id='word_1_208' title='bbox 1194 2887 1331 2937; x_wconf 82' lang='lat' dir='ltr'><strong>Cum</strong></span> <span class='ocrx_word' id='word_1_209' title='bbox 1378 2893 1598 2939; x_wconf 87' lang='lat' dir='ltr'><strong>senatus</strong></span> <span class='ocrx_word' id='word_1_210' title='bbox 1637 2887 2037 2953; x_wconf 80' lang='lat' dir='ltr'><strong>Campanorum</strong></span> <span class='ocrx_word' id='word_1_211' title='bbox 2085 2890 2304 2956; x_wconf 82' lang='lat' dir='ltr'><strong>deliga-</strong></span> 
     </span>
     <span class='ocr_line' id='line_1_29' title="bbox 559 2977 2305 3044; baseline 0.003 -19"><span class='ocrx_word' id='word_1_212' title='bbox 559 2980 646 3025; x_wconf 87' lang='lat' dir='ltr'><strong>tus</strong></span> <span class='ocrx_word' id='word_1_213' title='bbox 681 2980 827 3026; x_wconf 85' lang='lat' dir='ltr'><strong>esset</strong></span> <span class='ocrx_word' id='word_1_214' title='bbox 861 2978 926 3027; x_wconf 83' lang='lat' dir='ltr'><strong>ad</strong></span> <span class='ocrx_word' id='word_1_215' title='bbox 969 2977 1141 3042; x_wconf 83' lang='lat' dir='ltr'><strong>palos,</strong></span> <span class='ocrx_word' id='word_1_216' title='bbox 1177 2982 1236 3027; x_wconf 89' lang='lat' dir='ltr'><strong>ut</strong></span> <span class='ocrx_word' id='word_1_217' title='bbox 1271 2981 1451 3028; x_wconf 86' lang='lat' dir='ltr'><strong>securi</strong></span> <span class='ocrx_word' id='word_1_218' title='bbox 1488 2980 1767 3044; x_wconf 77' lang='lat' dir='ltr'><strong>feriretur,</strong></span> <span class='ocrx_word' id='word_1_219' title='bbox 1798 2978 2016 3029; x_wconf 84' lang='lat' dir='ltr'><strong>litteras</strong></span> <span class='ocrx_word' id='word_1_220' title='bbox 2042 2993 2075 3030; x_wconf 81' lang='lat' dir='ltr'><strong>a</strong></span> <span class='ocrx_word' id='word_1_221' title='bbox 2106 2987 2305 3032; x_wconf 87' lang='lat' dir='ltr'><strong>senatu</strong></span> 
     </span>
     <span class='ocr_line' id='line_1_30' title="bbox 559 3059 2305 3134; baseline 0.005 -24"><span class='ocrx_word' id='word_1_222' title='bbox 559 3064 754 3111; x_wconf 85' lang='lat' dir='ltr'><strong>missas</strong></span> <span class='ocrx_word' id='word_1_223' title='bbox 779 3059 848 3126; x_wconf 81' lang='lat' dir='ltr'><strong>Q.</strong></span> <span class='ocrx_word' id='word_1_224' title='bbox 870 3065 1098 3116; x_wconf 80' lang='lat' dir='ltr'><strong>Fulvius</strong></span> <span class='ocrx_word' id='word_1_225' title='bbox 1133 3068 1341 3132; x_wconf 89' lang='lat' dir='ltr'><strong>consul,</strong></span> <span class='ocrx_word' id='word_1_226' title='bbox 1378 3068 1569 3130; x_wconf 83' lang='lat' dir='ltr'><strong>quibus</strong></span> <span class='ocrx_word' id='word_1_227' title='bbox 1603 3068 1889 3118; x_wconf 81' lang='lat' dir='ltr'><strong>iubebatur</strong></span> <span class='ocrx_word' id='word_1_228' title='bbox 1916 3079 2163 3134; x_wconf 86' lang='lat' dir='ltr'><strong>parcere,</strong></span> <span class='ocrx_word' id='word_1_229' title='bbox 2198 3081 2305 3118; x_wconf 88' lang='lat' dir='ltr'><strong>an-</strong></span> 
     </span>
     <span class='ocr_line' id='line_1_31' title="bbox 485 3152 2305 3220; baseline 0.003 -19"><span class='ocrx_word' id='word_1_230' title='bbox 485 3156 550 3206; x_wconf 69' lang='lat' dir='ltr'><strong>at)</strong></span> <span class='ocrx_word' id='word_1_231' title='bbox 571 3155 786 3211; x_wconf 87' lang='lat' dir='ltr'><strong>tequam</strong></span> <span class='ocrx_word' id='word_1_232' title='bbox 823 3152 1060 3219; x_wconf 82' lang='lat' dir='ltr'><strong>legeret,</strong></span> <span class='ocrx_word' id='word_1_233' title='bbox 1107 3156 1164 3204; x_wconf 89' lang='lat' dir='ltr'><strong>in</strong></span> <span class='ocrx_word' id='word_1_234' title='bbox 1203 3157 1327 3205; x_wconf 87' lang='lat' dir='ltr'><strong>sinu</strong></span> <span class='ocrx_word' id='word_1_235' title='bbox 1363 3157 1571 3217; x_wconf 79' lang='lat' dir='ltr'><strong>posuit,</strong></span> <span class='ocrx_word' id='word_1_236' title='bbox 1616 3159 1673 3206; x_wconf 84' lang='lat' dir='ltr'><strong>et</strong></span> <span class='ocrx_word' id='word_1_237' title='bbox 1708 3154 1836 3220; x_wconf 84' lang='lat' dir='ltr'><strong>lege</strong></span> <span class='ocrx_word' id='word_1_238' title='bbox 1870 3157 1961 3219; x_wconf 83' lang='lat' dir='ltr'><strong>agi</strong></span> <span class='ocrx_word' id='word_1_239' title='bbox 2006 3157 2192 3220; x_wconf 82' lang='lat' dir='ltr'><strong>iussit,</strong></span> <span class='ocrx_word' id='word_1_240' title='bbox 2246 3163 2305 3207; x_wconf 86' lang='lat' dir='ltr'><strong>et</strong></span> 
     </span>
     <span class='ocr_line' id='line_1_32' title="bbox 557 3237 2303 3307; baseline 0.003 -17"><span class='ocrx_word' id='word_1_241' title='bbox 557 3237 880 3300; x_wconf 85' lang='lat' dir='ltr'><strong>supplicium</strong></span> <span class='ocrx_word' id='word_1_242' title='bbox 901 3243 1132 3304; x_wconf 77' lang='lat' dir='ltr'><strong>peregit.</strong></span> <span class='ocrx_word' id='word_1_243' title='bbox 1181 3241 1317 3292; x_wconf 81' lang='lat' dir='ltr'><strong>Cum</strong></span> <span class='ocrx_word' id='word_1_244' title='bbox 1342 3246 1395 3293; x_wconf 90' lang='lat' dir='ltr'><strong>in</strong></span> <span class='ocrx_word' id='word_1_245' title='bbox 1424 3243 1665 3294; x_wconf 83' lang='lat' dir='ltr'><strong>comitiis</strong></span> <span class='ocrx_word' id='word_1_246' title='bbox 1686 3245 1823 3306; x_wconf 84' lang='lat' dir='ltr'><strong>apud</strong></span> <span class='ocrx_word' id='word_1_247' title='bbox 1849 3243 2107 3306; x_wconf 83' lang='lat' dir='ltr'><strong>populum</strong></span> <span class='ocrx_word' id='word_1_248' title='bbox 2126 3257 2303 3307; x_wconf 79' lang='lat' dir='ltr'><strong>quae-</strong></span> 
     </span>
     <span class='ocr_line' id='line_1_33' title="bbox 555 3329 2299 3404; baseline 0.005 -25"><span class='ocrx_word' id='word_1_249' title='bbox 555 3331 770 3387; x_wconf 77' lang='lat' dir='ltr'><strong>reretur</strong></span> <span class='ocrx_word' id='word_1_250' title='bbox 803 3329 891 3379; x_wconf 85' lang='lat' dir='ltr'><strong>cui</strong></span> <span class='ocrx_word' id='word_1_251' title='bbox 921 3331 1274 3382; x_wconf 84' lang='lat' dir='ltr'><strong>mandaretur</strong></span> <span class='ocrx_word' id='word_1_252' title='bbox 1294 3331 1673 3398; x_wconf 78' lang='lat' dir='ltr'><strong>Hispaniarum</strong></span> <span class='ocrx_word' id='word_1_253' title='bbox 1706 3333 2007 3404; x_wconf 77' lang='lat' dir='ltr'><strong>imperium,</strong></span> <span class='ocrx_word' id='word_1_254' title='bbox 2042 3333 2199 3386; x_wconf 82' lang='lat' dir='ltr'><strong>nulio</strong></span> <span class='ocrx_word' id='word_1_255' title='bbox 2242 3334 2299 3387; x_wconf 88' lang='lat' dir='ltr'><strong>id</strong></span> 
     </span>
    </p>
   </div>
  </div>
 </body>
</html>
