2525 3925
651 332 937 383 BEnLUM
972 329 1488 383 IUGURTHINUM.
1835 330 1937 381 139

198 478 415 540 horare,
446 478 509 525 ut
542 473 629 523 illi
664 488 823 537 quam
859 476 1098 537 plurumi
1132 478 1408 540 deberent,
1441 478 1566 525 ioca
1589 478 1754 538 atque
1787 476 1936 526 seria

201 577 331 613 cum
372 564 703 614 humillumis
743 576 943 630 agere,
994 566 1051 613 in
1095 567 1382 630 operibus,
1433 566 1491 613 in
1527 566 1742 627 agmine
1776 567 1936 625 atque

196 654 270 702 ad
309 651 531 715 vigilias
572 652 773 702 multus
809 654 1031 715 adesse,
1078 664 1259 715 neque
1289 654 1542 720 interim,
1591 653 1729 714 quod
1765 664 1938 712 prava

198 741 422 790 ambitio
446 739 608 803 solet,
644 738 885 789 consulis
918 745 1011 789 aut
1038 722 1388 801 quoiusquam
1424 743 1551 793 boni
1587 742 1784 789 famam
1817 739 1938 789 lae—

198 827 365 893 dere,
398 828 764 879 tantummodo
798 838 974 889 neque
1008 828 1239 877 consilio
1275 840 1456 890 neque
1497 838 1660 877 manu
1697 828 1978 889 priorem5

199 916 368 965 alium
402 918 533 979 pati,
571 916 861 977 plerosque
891 916 1230 965 antevenire.
1277 913 1411 978 Quis
1443 918 1607 967 rebus
1643 920 1700 967 et
1733 917 1940 965 artibus

152 1032 155 1035 ·
200 1006 361 1055 brevi
394 1006 575 1053 Mario
609 1004 977 1065 militibusque
1015 1005 1342 1053 carissumus
1375 1004 1570 1053 factus.

308 1090 401 1141 97.
436 1094 511 1141 At
532 1089 810 1157 Iugurtha,
844 1096 1121 1154 postquam
1150 1093 1403 1153 oppidum
1429 1091 1660 1153 Capsam
1694 1092 1940 1155 aliosque

199 1180 361 1230 locos
392 1179 628 1229 munitos
652 1182 707 1229 et
740 1181 847 1228 sibi
882 1180 1050 1244 utilis,
1082 1180 1245 1229 simul
1281 1184 1338 1229 et
1371 1192 1621 1243 maguam
1659 1182 1940 1241 pecuniam

204 1268 493 1333 amiserat,
532 1266 599 1317 ad
632 1264 902 1317 Bocchum
936 1268 1153 1316 nuntios
1182 1268 1375 1333 mittit,
1423 1280 1582 1330 quam
1618 1270 1842 1329 primum
1879 1270 2016 1321 iu10

202 1355 515 1405 Numidiam
531 1356 713 1416 copias
731 1355 1043 1421 adduceret,
1058 1356 1234 1415 proeli
1252 1357 1490 1405 faciundi
1511 1360 1716 1417 tempus
1734 1358 1942 1406 adesse.

204 1439 380 1505 Quem
414 1444 507 1494 ubi
542 1445 790 1493 cunctari
824 1444 1035 1504 accepit
1070 1449 1127 1494 et
1162 1444 1375 1493 dubium
1418 1442 1548 1493 belli
1589 1449 1755 1506 atque
1789 1446 1942 1505 pacis

200 1532 448 1583 rationes
484 1532 718 1595 trahere,
755 1544 961 1595 rursus,
1004 1533 1081 1581 uti
1106 1536 1288 1597 antea,
1326 1544 1613 1592 proxumos
1649 1534 1768 1581 eius
1789 1532 1942 1580 donis

206 1620 542 1685 conrumpit,
592 1620 808 1681 ipsique
854 1620 1048 1669 Mauro
1088 1619 1383 1681 pollicetur
1417 1621 1698 1669 Numidiae
1736 1624 1940 1681 partem

204 1708 438 1772 tertiam,
472 1708 521 1756 si
554 1710 649 1756 aut
684 1708 915 1757 Romani
935 1708 1127 1757 Africa
1162 1708 1394 1773 expulsi,
1432 1712 1529 1757 aut
1563 1709 1792 1769 integris
1825 1709 1938 1755 suis
1956 1710 2016 1761 15

202 1796 401 1846 finibus
452 1794 653 1845 bellum
704 1797 1043 1857 conpositum
1078 1798 1240 1845 foret.
1312 1796 1392 1844 Eo
1431 1798 1674 1856 praemio
1709 1795 1944 1845 inlectus

202 1885 451 1934 Bocchus
486 1896 607 1933 cum
638 1896 837 1947 magua
871 1882 1209 1934 multitudine
1234 1884 1548 1946 Iugurtham
1582 1884 1809 1932 accedit.
1860 1884 1945 1932 Ita

202 1974 481 2024 amborum
534 1974 779 2024 exercitu
830 1973 1119 2024 coniuncto
1140 2005 1156 2037 ,
1202 1973 1435 2022 Marium
1477 1973 1586 2021 iam
1623 1973 1682 2021 in
1721 1972 1948 2022 hiberna

201 2061 653 2128 proficiscentem,
684 2062 783 2110 vix
822 2062 1049 2112 decuma
1083 2061 1239 2122 parte
1279 2061 1366 2110 die
1399 2060 1632 2127 reliqua,
1665 2061 1944 2121 invadunt,

199 2151 312 2200 rati
342 2152 585 2214 noctem,
622 2161 761 2212 quae
794 2151 899 2198 iam
938 2147 1168 2214 aderat,
1190 2152 1247 2198 et
1279 2151 1442 2199 victis
1475 2150 1582 2200 sibi
1615 2149 1940 2198 munimento
1953 2144 2021 2196 20

202 2238 327 2288 fore
363 2240 447 2300 et,
494 2239 541 2286 si
582 2239 873 2304 vicissent,
908 2238 1061 2288 nullo
1096 2238 1494 2300 inpedimento,
1536 2239 1666 2300 quia
1699 2236 1945 2286 locorum

202 2327 445 2374 scientes
480 2329 663 2388 erant,
708 2327 899 2375 contra
928 2326 1189 2376 Romanis
1224 2329 1508 2386 utrumque
1547 2337 1730 2378 casum
1766 2326 1824 2372 in
1859 2326 1944 2372 te·-

200 2413 392 2462 nebris
430 2411 789 2460 difficiliorem
824 2413 965 2462 fore.
1024 2413 1201 2472 Igitur
1236 2412 1398 2460 simul
1433 2413 1624 2463 consul
1659 2425 1728 2460 ex
1763 2411 1946 2460 multis

208 2498 281 2547 de
314 2497 549 2546 hostium
584 2500 821 2548 adventu
857 2499 1133 2562 cognovit,
1166 2501 1223 2544 et
1256 2499 1364 2558 ipsi
1397 2498 1580 2547 hostes
1615 2502 1842 2550 aderant
1875 2503 1948 2564 et,

203 2587 525 2650 priusquam
561 2587 831 2634 exercitus
866 2589 961 2634 aut
994 2585 1191 2638 instrui
1228 2587 1324 2634 aut
1363 2587 1609 2634 sarcinas
1651 2585 2020 2650 conligere‚25

206 2675 442 2736 denique
476 2675 766 2733 antequam
798 2674 1014 2734 siguum
1050 2677 1145 2722 aut
1178 2673 1459 2734 imperium
1491 2673 1662 2722 ullum
1695 2675 1948 2734 accipere

206 2763 415 2827 quivit,
468 2761 681 2822 equites
715 2762 897 2810 Mauri
942 2764 1109 2822 atque
1149 2761 1404 2827 Gaetuli,
1456 2773 1566 2812 non
1612 2762 1734 2810 acie
1773 2772 1948 2822 neque

206 2850 323 2898 ullo
358 2861 509 2899 more
546 2849 738 2912 proeli,
774 2849 869 2897 sed
908 2851 1249 2912 catervatim,
1287 2850 1366 2897 uti
1393 2859 1632 2911 quosque
1665 2848 1780 2898 fors
1815 2843 1948 2898 con:

205 2937 563 3001 globaverat,
614 2939 668 2986 in
715 2939 1331 3000 nostrosconcurrunt3
1387 2939 1475 2998 qui
1524 2949 1714 2987 omnes
1753 2937 1947 2998 trepidi

313 3172 346 3211 1.
373 3173 431 3208 uta·
456 3171 507 3210 V.
536 3193 583 3200 —
631 3172 658 3208 6
700 3171 820 3209 altum
842 3174 1015 3222 priorem
1041 3173 1091 3211 V.
1120 3193 1167 3202 -
1221 3169 1372 3220 Quibus
1396 3169 1446 3209 V.
1476 3190 1526 3198 —
1577 3173 1635 3210 1⁴.
1669 3173 1828 3209 ceruam
1848 3181 1948 3218 par-

211 3245 289 3276 cen
326 3239 377 3277 V.
405 3259 451 3266 —
514 3238 578 3278 20.
618 3237 697 3278 sibi
734 3252 810 3280 om.
852 3239 1057 3280 Gen-lacinii
1092 3237 1320 3290 typotheta-
1365 3260 1410 3269 —
1473 3240 1538 3279 23.
1579 3237 1784 3288 difficilem
1821 3237 1872 3277 V.
1905 3259 1943 3268 -

210 3307 271 3346 29.
302 3307 507 3345 incurrunt
531 3306 581 3346 K.
