2525 3925
638 308 925 361 BELLUM
954 310 1475 361 lueun'fflmun.
1824 311 1922 361 121

170 457 377 521 giones
412 457 545 505 item
580 454 787 507 classes
830 468 997 521 saepe
1042 457 1197 507 fusae
1241 458 1574 523 fugataeque
1587 492 1604 522 ‚
1655 454 1714 507 et
1761 456 1924 507 alteri

174 545 393 595 alteros
426 544 761 607 aliquantum
796 543 1139 595 adu-iverant
1153 577 1170 611 ,
1228 548 1420 609 veriti,
1475 557 1546 595 ne
1589 556 1711 595 mox
1747 548 1926 597 victos

174 635 535 696 victoresque
578 632 819 683 defessos
868 632 1013 685 alius
1057 634 1480 701 adgrederetur,
1532 646 1630 697 per
1678 634 1926 685 inducias

172 722 531 785 sponsionem
566 723 803 789 faciunt,
838 723 920 771 uti
956 725 1109 773 certo
1146 724 1235 773 die
1271 723 1444 786 legati
1481 724 1637 771 domo
1672 720 1925 785 proficis-

178 812 470 873 cerentur3
531 822 638 874 quo
682 812 739 859 in
772 809 899 863 loco
932 812 1080 862 inter
1112 823 1174 861 se
1215 813 1366 863 obvii
1397 810 1659 878 fuissent,
1705 812 1756 861 is
1792 814 1966 865 con-5

176 900 359 949 munis
396 899 676 960 utriusque
710 897 900 962 populi
932 898 1057 951 finis
1104 900 1408 951 haberetur.
1475 900 1656 963 Igitur
1687 898 1926 961 Kartha-

176 987 309 1050 gine
346 984 455 1035 duo
499 986 703 1037 fratres
746 988 929 1055 missi,
982 990 1176 1051 quibus
1220 1000 1422 1039 nomen
1462 987 1738 1038 Philaenis
1786 991 1926 1055 erat,

174 1078 531 1125 maturavere
566 1076 675 1125 iter
706 1088 937 1140 pergere
950 1110 967 1142 ,
1020 1075 1366 1146 Cyrenenses
1413 1078 1621 1128 tardius
1661 1078 1792 1127 iere.
1861 1077 1924 1127 ld

177 1162 513 1213 socordiane
544 1175 614 1214 an
652 1174 784 1215 casu
820 1163 1100 1232 acciderit,
1134 1176 1328 1227 parum
1362 1166 1614 1230 cognovi.
1667 1162 1923 1217 Ceterum

173 1251 327 1301 solet
360 1252 420 1300 in
454 1250 571 1301 illis
604 1251 749 1303 locis
782 1254 1081 1316 tempestas
1119 1252 1261 1303 haud
1296 1266 1458 1305 secus
1491 1256 1658 1316 atque
1688 1255 1746 1303 in
1781 1254 1918 1303 mari
1935 1255 2002 1307 10

173 1342 439 1391 retinere.
508 1339 653 1389 Nam
701 1341 792 1391 ubi
832 1354 930 1403 per
960 1341 1091 1391 loca
1130 1342 1390 1405 aequalia
1422 1346 1480 1393 et
1510 1341 1656 1393 nuda
1689 1342 1926 1407 gignen-

177 1430 321 1477 tium
359 1430 556 1479 ventus
592 1432 815 1479 coortus
848 1440 1076 1481 arenam
1108 1431 1272 1481 humo
1306 1432 1590 1499 excitavit,
1623 1442 1692 1483 ea
1723 1442 1926 1497 magna

173 1520 241 1566 vi
272 1519 485 1579 agitata
530 1529 633 1567 ora
668 1517 975 1581 oculosque
1016 1518 1229 1581 inplere
1278 1505 1460 1585 s'olet,
1513 1521 1592 1570 ita
1631 1524 1925 1583 prospectu

175 1604 427 1669 inpedito
468 1608 677 1658 morari
722 1608 844 1658 iter.
915 1608 1211 1672 Postquam
1254 1607 1602 1670 Cyrenenses
1645 1609 1924 1672 aliquanto

171 1696 517 1758 posteriores
552 1706 629 1747 se·
652 1696 839 1747 vident
874 1698 931 1745 et
962 1696 1032 1745 oh
1066 1708 1183 1749 rem
1232 1700 1558 1759 com-uptam
1603 1696 1752 1747 domi
1785 1694 1998 1761 poe-15

176 1796 283 1835 nas
308 1785 571 1852 metuunt,
596 1784 873 1835 criminari
896 1784 1368 1849 Karthaginiensis
1387 1788 1516 1835 ante
1539 1788 1748 1848 tempus
1767 1786 1926 1835 domo

177 1874 495 1941 digressos,
533 1874 861 1924 conturbare
892 1884 1043 1937 rem,
1078 1874 1314 1936 denique
1352 1874 1534 1924 omnia
1565 1872 1733 1925 malle
1767 1885 1922 1936 quam

175 1963 323 2014 victi
358 1963 529 2012 ahire.
600 1963 707 2012 Sed
744 1975 909 2027 quom
943 1963 1113 2014 Poeni
1144 1962 1315 2014 aliam
1357 1963 1764 2028 condicionem,
1798 1967 1926 2014 tan-

178 2053 457 2102 tummodo
494 2063 758 2116 aequam,
804 2055 1087 2116 peterent,
1124 2051 1328 2102 Graeci
1367 2053 1648 2116 optionem
1684 2052 1925 2104 Kartha-2

172 2141 511 2202 giniensium
543 2140 783 2207 faciunt,
836 2143 897 2192 ut
938 2140 1027 2192 vel
1074 2139 1195 2206 illi,
1246 2153 1385 2203 quos
1419 2140 1544 2190 finis
1577 2141 1778 2206 populo
1814 2153 1916 2193 suo
1931 2144 2000 2196 20

173 2231 463 2294 peterent,
515 2227 593 2278 ihi
625 2229 743 2279 vivi
782 2229 1173 2296 obruerentur,
1221 2229 1322 2278 vel
1368 2230 1560 2282 eadem
1601 2229 1923 2282 condicione

173 2327 331 2382 sese,
384 2327 551 2378 quem
594 2317 655 2366 in
706 2316 890 2368 locum
941 2316 1183 2382 vellent,
1233 2331 1611 2380 processuros.
1676 2318 1924 2368 Philaeni

174 2403 505 2454 condicione
546 2406 775 2467 probata
812 2417 981 2468 seque
1024 2407 1316 2475 vitamque,
1357 2419 1516 2456 suam
1547 2409 1636 2458 rei
1670 2406 1924 2470 publicae

175 2492 566 2544 condonavere
576 2508 597 2557 3
630 2495 713 2544 ita
734 2495 853 2544 vivi
876 2494 1071 2544 obruti.
1114 2495 1599 2558 Karthaginienses
1621 2497 1682 2544 in
1703 2507 1769 2546 eo
1790 2495 1924 2546 loco

170 2581 451 2632 Philaenis
478 2582 741 2634 fratribus
776 2595 904 2634 aras
941 2593 1358 2648 consecravere,
1389 2582 1594 2646 aliique
1627 2581 1742 2634 illis
1777 2581 1918 2634 domi
1931 2590 1998 2642 25

171 2672 415 2722 honores
448 2671 701 2722 instituti.
772 2672 931 2722 Nunc
966 2673 1035 2724 ad
1066 2683 1181 2722 rem
1214 2671 1400 2722 redeo.

278 2757 379 2808 80.
414 2761 679 2823 Iugurtha
716 2763 1003 2824 postquam
1036 2761 1245 2812 amissa
1277 2759 1449 2813 {Phala
1481 2759 1619 2810 nihil
1653 2761 1792 2812 satis
1823 2759 1922 2810 ilr-

172 2861 327 2899 mum
379 2854 573 2900 contra
612 2849 902 2900 Metellum
946 2851 1129 2914 putat,
1186 2861 1283 2914 per
1329 2861 1560 2914 magnas
1601 2847 1925 2902 solitudines

172 2941 299 2988 eum
334 2938 525 3000 paucis
560 2937 859 3001 profectus,
894 2939 1147 3000 pervenit
1182 2937 1249 2988 ad
1287 2937 1582 3002 Gaetulos,
1613 2949 1790 3002 genus
1823 2939 1923 2989 ho-

170 3029 376 3077 minum
413 3027 588 3076 ferum
624 3025 999 3089 incultumque
1035 3030 1093 3078 et
1130 3039 1196 3076 eo
1238 3031 1482 3090 tempore
1527 3028 1778 3090 ignarum
1813 3040 1916 3078 no·
1931 3031 1998 3082 30

168 3115 335 3166 minis
368 3114 617 3164 Romani.
687 3115 891 3165 Eorum
928 3114 1334 3166 multitudinem
1368 3117 1426 3165 in
1463 3128 1627 3166 unum
1664 3117 1816 3180 cogit
1853 3129 1920 3166 ac

272 3315 314 3356 ⁷.
342 3314 557 3356 Philome
580 3315 633 3355 V.
660 3336 707 3345 —
760 3317 820 3358 15.
848 3328 935 3356 nese
959 3317 1009 3357 V.
1040 3340 1085 3350 —
1137 3317 1199 3357 19.
1231 3314 1624 3366 Carthaginiensibus
1651 3315 1700 3356 V.
1727 3315 1782 3356 K.
