2525 3925
612 349 719 401 158
1158 346 1221 398 Ο.
1250 346 1554 399 SADUS'H
1589 344 1822 398 ΟΒῙΒΠ

610 497 973 548 Macedonum
1006 494 1257 558 Philippo
1292 493 1497 544 bellum
1530 505 1849 559 sumpsere3
1887 495 2015 543 dum
2055 507 2092 545 a
2117 496 2366 548 Kartha-

611 586 949 650 giniensibus
985 586 1403 649 premebantur,
1439 585 1738 634 amicitiam
1774 582 2101 634 simulantes
2135 588 2198 635 ei
2235 586 2364 635 sub·

613 676 921 725 venientem
978 671 1301 722 Antiochum
1372 673 1726 722 concessione
1782 673 1950 723 Asiae
2007 685 2112 736 per
2179 673 2368 723 dolum

614 767 909 827 avortere3
954 773 1021 813 ac
1064 774 1189 811 mox
1234 762 1416 810 fracto
1451 759 1703 822 Philippo
1737 759 2042 810 Antiochus
2087 763 2241 810 omni
2287 764 2364 812 cis

570 847 846 903 5'1'aurum
882 863 1019 915 agro
1056 853 1111 900 et
1148 848 1337 898 decem
1363 848 1578 897 milibus
1603 847 1936 898 talentorum
1959 849 2240 910 spoliatus
2263 853 2360 901 est-

613 942 814 990 Persen
852 938 1063 1001 deinde,
1098 936 1331 998 Philippi
1367 935 1553 998 lilium,
1591 937 1716 998 post
1748 935 1920 986 multa
1947 940 2006 986 et
2037 939 2208 986 varia
2237 948 2362 988 cer-

612 1029 816 1078 tamina
858 1027 1000 1086 apud
1037 1025 1425 1073 Samothracas
1461 1023 1591 1072 deos
1631 1029 1914 1085 acceptum
1949 1024 2006 1072 in
2039 1024 2207 1074 iidem
2243 1025 2358 1076 cal-

609 1116 710 1164 lidi
746 1116 803 1163 et
836 1114 1143 1175 repertores
1177 1111 1456 1177 perfidiae,
1502 1112 1630 1174 quia
1663 1115 1827 1173 pacto
1863 1113 2032 1162 vitam
2071 1113 2356 1179 dederant,

610 1201 893 1251 insomniis
936 1201 1209 1249 occidere.
1282 1201 1603 1261 Eumenem,
1656 1201 1848 1261 quoius
1894 1201 2204 1250 amicitiam
2239 1202 2358 1266 glo-

537 1286 757 1339 10riose
790 1289 1083 1354 ostentant,
1117 1289 1275 1337 initio
1313 1287 1602 1348 prodidere
1631 1287 1916 1351 Antiocho,
1955 1290 2112 1351 pacis
2143 1301 2354 1339 merce-

610 1377 758 1438 dem3
795 1379 942 1439 post,
975 1375 1215 1425 habitum
1246 1373 1524 1424 custodiae
1549 1375 1672 1437 agri
1710 1377 1935 1438 captivi,
1970 1377 2283 1437 sumptibus
2305 1381 2355 1428 et

610 1462 956 1512 contumeliis
1014 1473 1085 1511 ex
1135 1473 1270 1526 rege
1325 1462 1704 1511 miserrumum
1755 1472 2039 1513 servorum
2097 1462 2358 1530 effecere,

608 1549 971 1611 simulatoque
1002 1550 1156 1611 inpio
1192 1553 1551 1612 testamento,
1602 1549 1772 1598 filium
1811 1553 1929 1600 eius
1964 1551 2349 1614 Aristonicum,

611 1640 741 1700 quia
775 1638 1014 1699 patrium
1050 1649 1280 1701 regnum
1319 1639 1611 1701 petiverat,
1657 1639 1890 1688 bostium
1923 1650 2078 1688 more
2113 1651 2222 1701 per
2259 1641 2352 1692 tri-

537 1729 599 1778 15
614 1725 872 1787 umphum
906 1725 1141 1788 duxere;
1189 1728 1325 1778 Asia
1359 1727 1428 1776 ab
1465 1726 1600 1787 ipsis
1642 1726 1868 1776 obsessa
1901 1728 2020 1789 est3
2072 1731 2352 1789 postremo

606 1814 944 1878 Bithyniam,
994 1815 1294 1864 Nicomede
1339 1817 1588 1880 mortuo,
1639 1812 1944 1880 diripuere,
1995 1827 2170 1877 quom
2215 1817 2352 1866 iilius

606 1903 791 1968 Nysa,
829 1913 990 1965 quam
1024 1903 1272 1966 reginam
1311 1902 1720 1969 appellaverat,
1755 1903 1976 1966 genitus
2011 1903 2160 1954 haud
2203 1904 2352 1956 dubie

608 1992 771 2040 esset.
842 1993 979 2041 Nam
1028 1993 1157 2054 quid
1204 2003 1309 2055 ego
1349 2004 1435 2041 me
1485 1982 1802 2053 adpellem?
1853 2003 2012 2053 quem
2049 1992 2350 2045 diiunctum

607 2077 839 2139 undique
883 2081 1069 2143 regnis
1116 2083 1173 2129 et
1220 2079 1534 2129 tetrarchiis
1567 2081 1636 2129 ab
1674 2080 1908 2141 imperio
1949 2091 2182 2147 eorum,
2231 2084 2354 2144 quia

530 2164 597 2215 20
610 2164 761 2215 fama
794 2170 916 2217 erat
948 2168 1173 2218 divitem
1206 2178 1388 2228 neque
1421 2168 1756 2218 serviturum
1789 2178 1929 2231 esse,
1966 2178 2065 2229 per
2093 2170 2353 2219 Nicome-

605 2253 726 2304 dem
762 2254 907 2306 bello
947 2254 1375 2317 lacessiverunt,
1425 2254 1662 2305 sceleris
1695 2268 1882 2305 eorum
1916 2255 2060 2305 haud
2095 2256 2352 2319 ignarum

605 2345 665 2391 et
698 2354 766 2392 ea
780 2380 795 2405 ‚
840 2356 981 2405 quae
1016 2343 1301 2404 accidere,
1351 2344 1610 2392 testatum
1645 2347 1808 2393 antea
1841 2341 2120 2393 Cretensis
2133 2378 2152 2406 ,
2203 2345 2350 2397 solos

532 2486 543 2495 ‚
602 2432 835 2479 omnium
876 2431 1081 2480 liberos
1128 2441 1197 2479 ea
1246 2433 1596 2496 tempestate,
1643 2436 1701 2481 et
1735 2442 1922 2494 regem
1953 2430 2349 2483 Ptolemaeum.

602 2519 781 2578 Atque
831 2529 936 2581 ego
990 2518 1137 2567 ultus
1184 2518 1416 2569 iniurias
1461 2520 1810 2569 Nicomedem
1857 2518 2120 2580 Bithynia
2166 2520 2351 2582 expuli

528 2607 593 2657 25
608 2594 909 2667 Asiamque
956 2606 1189 2666 spolium
1238 2608 1392 2669 regis
1436 2606 1690 2655 Antiochi
1739 2606 1928 2668 recepi
1976 2610 2034 2655 et
2081 2606 2352 2659 Graeciae

604 2696 811 2755 dempsi
861 2704 1037 2757 grave
1086 2694 1398 2743 servitium.
1466 2695 1692 2755 incepta
1726 2704 1852 2743 mea
1887 2696 2196 2755 postremus
2233 2708 2351 2747 ser-

602 2794 800 2833 vorum
846 2780 1153 2831 Archelaus
1203 2783 1454 2831 exercitu
1503 2782 1720 2842 prodito
1766 2782 2070 2843 inpedivit:
2139 2783 2350 2849 illique,

604 2880 741 2929 quos
789 2871 1014 2931 ignavia
1058 2872 1155 2920 aut
1201 2880 1376 2931 prava
1422 2868 1724 2931 calliditas,
1777 2874 1836 2919 ut
1885 2870 2022 2919 meis
2069 2869 2352 2923 laboribus

602 2956 707 3003 tuti
742 2960 955 3019 essent,
1006 2959 1179 3007 arrius
1207 2956 1499 3021 abstinuit,
1547 2958 1949 3007 acerbissumas
1984 2968 2198 3017 poenas
2233 2958 2354 3009 sol-

526 3043 755 3105 aovunt,
790 3043 1141 3094 Ptolemaeus
1175 3044 1357 3104 pretio
1392 3045 1450 3093 in
1487 3046 1602 3093 dies
1639 3041 1845 3093 bellum
1870 3042 2174 3109 prolatans,
2212 3043 2350 3095 Cre-

606 3131 791 3179 tenses
839 3130 1125 3195 inpugnaii
1168 3129 1341 3181 semel
1393 3131 1500 3179 iam
1545 3141 1723 3193 neque
1768 3130 1924 3180 linem
1971 3133 2080 3182 nisi
2129 3133 2348 3184 excidio

695 3266 735 3305 9.
763 3264 996 3317 Eumenem]
1022 3279 1107 3305 sum
1133 3280 1180 3306 en
1206 3266 1322 3315 (sic)
1347 3264 1396 3305 V.
1431 3285 1480 3294 —
1533 3266 1594 3305 11.
1635 3270 1744 3317 caper·
1767 3267 1810 3307 οἰ
1833 3268 1880 3307 V.
1911 3291 1954 3300 —
2005 3266 2070 3309 Π.
2105 3266 2270 3319 officere
2295 3272 2346 3311 V.

600 3356 647 3368 -.
670 3333 734 3375 25.
760 3330 1035 3383 graeciae-dm
1055 3337 1094 3374 οι·
1114 3344 1306 3383 pavac-
1328 3334 1468 3373 vfflm
1492 3331 1543 3374 V.
1572 3354 1620 3366 -
1668 3336 1731 3376 8⁸.
1761 3334 1826 3387 ue]
1851 3334 1901 3375 V.
1945 3339 2012 3375 aes,
2032 3336 2084 3377 G.
