2525 3925
1861 329 1936 377 58

720 1045 787 1106 C.
832 1043 1137 1108 SALUSTI
1176 1047 1420 1110 CRJSPI

928 1175 1217 1228 BELLUM

502 1242 1645 1385 [UG'URTHINUM.

310 1649 367 1700 1.
429 1646 597 1700 Falso
648 1649 891 1712 queritur
935 1650 1003 1699 de
1040 1635 1246 1700 ‘natura
1293 1662 1394 1701 sua
1441 1659 1616 1713 genus·
1664 1639 1951 1702 humanum

200 1741 344 1803 quod
382 1735 641 1788 inbecilla
675 1739 835 1799 atque
870 1737 997 1788 aevi
1036 1737 1221 1788 brevis
1253 1737 1398 1789 forte
1432 1739 1613 1801 potius
1637 1751 1793 1802 quam
1826 1739 1947 1789 vir-

202 1831 318 1878 tute
354 1828 599 1892 regatur.
655 1827 789 1875 Nam
816 1828 1007 1875 contra
1039 1825 1342 1888 reputando
1382 1835 1560 1889 neque
1591 1829 1765 1876 maius
1801 1825 1950 1876 aliud

201 1929 378 1981 neque
430 1915 814 1979 praestabilius
878 1915 1131 1965 invenias
1152 1949 1168 1980 ‚
1238 1913 1517 1978 magisque
1582 1916 1810 1966 naturae
1860 1916 1951 1965 in-

201 2006 466 2057 dustriam
502 2004 771 2054 hominum
808 2015 964 2066 quam
1008 2004 1121 2053 vim
1168 2008 1265 2053 aut
1312 2004 1522 2067 tempus
1559 2006 1768 2054 deesse.
1837 2000 1988 2056 Sed5

202 2096 307 2144 dux
344 2096 511 2156 atque
543 2094 840 2154 imperator
876 2093 1021 2142 vitae
1056 2090 1370 2143 mortalium
1418 2092 1627 2143 animus
1677 2096 1788 2159 est,
1842 2092 1949 2155 qui,

202 2184 291 2233 ubi
324 2180 397 2233 ad
433 2180 667 2246 gloriam
702 2181 924 2231 virtutis
970 2182 1065 2231 via
1112 2182 1427 2246 grassatur,
1479 2180 1690 2231 abunde
1737 2180 1950 2244 pollens

204 2276 502 2334 potensque
550 2274 606 2318 et
657 2270 839 2320 clarus
896 2271 1008 2334 est,
1060 2281 1237 2333 neque
1282 2270 1504 2319 fortuna
1551 2272 1704 2336 eget,
1758 2270 1952 2332 quippe

204 2360 564 2424 probitatem,
598 2358 919 2409 industriam
956 2358 1199 2421 aliasque
1236 2360 1372 2408 artis
1407 2360 1576 2409 bonas
1610 2369 1786 2419 neque
1822 2355 1954 2405 dare

206 2460 383 2512 neque
422 2448 634 2509 eripere
670 2448 954 2509 quoiquam
988 2448 1187 2509 potest.
1260 2447 1356 2496 Sin
1399 2448 1589 2509 captus
1626 2448 1812 2509 pravis
1848 2457 1946 2494 cu·-
1963 2446 2030 2498 10

206 2537 481 2603 pidinibus
538 2534 606 2584 ad
660 2536 910 2585 inertiam
966 2536 1021 2583 et
1073 2532 1374 2596 voluptatis
1434 2536 1682 2597 corporis
1739 2545 1956 2595 pessum

206 2628 365 2677 datus
406 2627 523 2691 est,
572 2625 879 2687 peruiciosa
911 2621 1149 2672 lubidine
1190 2620 1493 2683 paullisper
1525 2633 1688 2686 usus,
1733 2621 1822 2670 ubi
1859 2634 1958 2683 per

208 2714 521 2766 socordiam
562 2714 738 2780 vires,
777 2714 988 2775 tempus
1007 2743 1024 2778 ,
1057 2712 1336 2775 ingenium
1372 2710 1684 2775 diffluxere,
1728 2712 1956 2759 naturae

209 2804 497 2854 infirmitas
532 2805 847 2865 accusatur3
902 2812 1053 2850 suam
1101 2801 1329 2862 quisque
1386 2797 1598 2860 culpam
1633 2796 1851 2847 actores
1886 2796 1957 2845 ad

210 2893 433 2956 negotia
468 2890 819 2939 transferunt.
892 2884 1097 2951 Quodsi
1134 2888 1432 2939 homiuibus
1467 2886 1726 2936 bonarum
1773 2896 1953 2935 rerum
1970 2886 2032 2939 15

211 2986 369 3031 tanta
418 2992 553 3029 cura
606 2982 788 3043 esset,
846 2980 1045 3039 quanto
1091 2976 1270 3025 studio
1315 2976 1500 3027 aliena
1547 2986 1614 3024 ao
1655 2974 1792 3023 nihil
1827 2986 1958 3036 pro-

215 3070 399 3121 futura
434 3067 773 3131 multumque
814 3067 975 3117 etiam
1021 3064 1333 3129 periculosa
1381 3068 1600 3127 petunt3
1656 3074 1828 3125 neque
1867 3075 1958 3112 re·

308 3258 349 3298 4.
387 3258 569 3297 >mades
604 3256 657 3295 K.
690 3278 732 3289 -
782 3258 824 3297 Θ.
864 3256 1013 3305 quippe
1048 3266 1149 3306 quae
1186 3255 1237 3293 V:
1268 3254 1319 3291 Κ.
1349 3272 1397 3281 -·
1455 3254 1497 3291 9.
1533 3252 1653 3291 bonas
1692 3256 1797 3291 arm
1829 3251 1882 3291 V.
1911 3270 1956 3281 --

221 3326 275 3367 1⁸.
300 3325 499 3376 defluxere
522 3326 573 3364 V.
604 3325 656 3365 K.
690 3348 729 3359 —
795 3325 855 3364 u.
885 3325 1029 3376 quiquo
1050 3323 1102 3362 V.
1142 3346 1178 3355 -
1230 3326 1408 3362 auctores
1432 3322 1483 3360 V.
1513 3320 1565 3360 K.
