2525 3925
867 350 1236 404 mmmmm
1274 350 1429 403 CXL.
1912 354 2017 405 253

273 500 430 551 tione
463 498 518 548 in
555 498 830 549 certamen
867 498 1302 564 descendebant3
1350 500 1408 549 in
1446 511 1553 562 quo
1587 500 1767 565 reguli
1812 500 2017 553 fratres

271 588 350 639 de
383 598 558 653 regno
592 586 743 637 ferro
769 588 1181 638 contenderunt.
1253 586 1383 637 Cum
1407 590 1618 650 Astapa
1652 589 1781 639 urbs
1810 590 1877 639 ab
1902 591 2016 641 Ro-

273 678 462 727 manis
495 681 919 741 oppugnaretur,
959 676 1211 739 oppidani
1250 676 1457 728 liberos
1495 682 1552 728 et
1589 680 1847 743 coniuges
1880 692 2019 744 rogo

273 768 564 816 exstructo
617 766 967 832 occiderunt,
1019 771 1077 816 et
1126 778 1188 815 se
1234 767 1457 829 insuper
1502 768 2016 831 praecipitaverunt.

269 855 406 917 Ipse
436 855 622 916 Scipio
660 854 784 903 dum
818 855 981 920 gravi
1011 855 1198 905 morbo
1231 854 1528 917 implicitus
1560 858 1662 921 est,
1697 856 2057 913 seditionem5

269 946 336 993 in
373 945 533 1005 parte
565 944 838 993 exercitus
875 947 1076 994 motam
1121 942 1467 994 confirmatus
1504 942 1785 1010 discussit,
1834 944 2017 996 rebel-

270 1033 566 1095 lantesque
601 1032 896 1093 Hispaniae
947 1032 1174 1095 populos
1222 1031 1407 1096 coegit
1451 1035 1508 1081 in
1538 1030 1881 1084 ‘deditionem
1915 1046 2018 1085 ve-

269 1123 416 1171 nire.
487 1120 558 1169 Et
604 1122 844 1171 amicitia
893 1120 1043 1171 facta
1093 1133 1212 1171 eum
1248 1122 1541 1171 Masinissa
1586 1134 1721 1187 rege
1755 1123 2018 1175 Numida-

269 1222 416 1272 rum,
453 1210 543 1271 qui
572 1207 660 1257 illi
694 1208 970 1276 auxilium,
1005 1210 1054 1259 si
1079 1212 1134 1259 in
1158 1211 1402 1260 Africam
1430 1211 1756 1280 traiecisset,
1787 1212 2020 1275 pollice-

271 1301 471 1365 batur,
519 1307 637 1345 cum
674 1296 956 1348 Gaditanis
996 1310 1206 1361 quoque
1242 1301 1368 1361 post
1401 1298 1699 1351 discessum
1732 1300 1859 1353 inde
1892 1304 2016 1353 Ma-
2030 1304 2095 1356 10

188 1388 468 1453 magonis,
513 1386 603 1435 cui
637 1396 706 1435 ex
737 1387 1075 1451 Karthagine
1108 1389 1369 1449 seriptum
1419 1392 1571 1455 erat,
1617 1392 1676 1439 ut
1710 1392 1769 1439 iu
1802 1391 2020 1442 ltaliam

187 1481 594 1544 sensti-aficere&
646 1478 874 1527 Romam
922 1487 1183 1525 reversus
1223 1476 1521 1539 consulque
1558 1481 1794 1529 creatus.
1864 1482 2019 1531 Afri-

279 1558 400 1622 ca'm
455 1566 796 1633 provinciam
847 1565 1081 1629 petenti,
1137 1565 1551 1614 contradicente
1591 1561 1656 1629 Q.
1690 1568 1863 1617 Fabio
1896 1572 2018 1619 Ma-

274 1661 444 1724 ximo,
479 1656 672 1708 Sicilia
708 1656 836 1704 data
869 1656 971 1720 est,
1015 1654 1445 1716 permissumque
1482 1656 1539 1702 in
1572 1654 1823 1705 Africam
1860 1658 2018 1707 traii-

276 1749 452 1812 ceret,
496 1748 545 1794 si
579 1756 649 1793 ex
688 1754 750 1793 re
786 1741 1002 1805 publica
1033 1753 1158 1791 esse
1196 1745 1465 1791 censeret.
1532 1743 1700 1805 Mago
1737 1744 2015 1795 Hamilca-
2030 1744 2097 1795 15

274 1838 360 1888 ris
394 1834 542 1884 filius
581 1846 616 1883 a
647 1833 862 1883 minore
895 1830 1103 1881 Baliari
1133 1828 1347 1898 insula,
1380 1832 1472 1881 ubi
1507 1830 1788 1899 biemarat,
1822 1834 1880 1883 in
1906 1836 2021 1884 lta-

274 1926 412 1978 liam
449 1922 682 1976 traiecit.

914 2058 1150 2112 Liber
1195 2059 1387 2106 XXIX.

387 2181 470 2232 Ex
503 2179 700 2232 Sicilia
738 2175 800 2228 C.
833 2177 1058 2228 Laelius
1094 2177 1152 2226 in
1181 2177 1427 2227 Africam
1465 2188 1502 2227 a
1536 2177 1792 2242 Scipione
1824 2181 2021 2232 missus

277 2273 557 2337 ingentem
605 2269 860 2332 praedam
907 2267 1240 2332 reportavit,
1294 2271 1353 2316 et
1396 2267 1651 2319 mandata
1692 2271 2019 2322 Masinissae
2032 2273 2101 2325 20

279 2361 530 2422 Scipioni
559 2345 836 2423 exposuit,
871 2356 1252 2418 conquerentis
1286 2357 1427 2416 quod
1456 2357 1691 2406 nondum
1724 2361 2023 2411 exercitum
2134 2359 2139 2365 '

275 2453 338 2500 iu
356 2450 602 2499 Africam
628 2446 954 2497 traiecisset.
991 2442 1200 2492 Bellum
1219 2443 1279 2490 in
1294 2443 1557 2504 Hispania
1579 2445 1783 2496 finitum
1808 2448 2023 2499 victore

275 2541 548 2604 Romano,
585 2535 728 2599 quod
762 2531 1010 2584 Indibilis
1047 2533 1423 2594 excitaverat;
1469 2532 1588 2594 ipse
1620 2535 1679 2582 in
1710 2535 1832 2584 acie
1870 2535 2022 2586 occi-

278 2639 411 2693 sus,
461 2626 782 2676 Mandonius
819 2623 1236 2685 exposcentibus
1272 2621 1531 2671 Romanis
1572 2635 1607 2672 a
1649 2624 1765 2672 suis
1810 2624 2023 2675 deditus

279 2720 387 2768 est.
457 2716 696 2778 Magoni,
734 2714 826 2774 qui
859 2714 914 2762 in
941 2711 1125 2762 Gallia
1156 2712 1212 2760 et
1234 2711 1529 2774 Liguribus
1563 2713 1702 2778 erat,
1735 2725 1805 2762 ex
1828 2715 2020 2766 Africa
2033 2715 2097 2767 25

277 2807 340 2856 et
377 2803 608 2854 militum
643 2801 824 2864 ampla
855 2814 1046 2852 manus
1083 2801 1273 2862 missa,
1308 2802 1364 2847 et
1400 2801 1661 2861 pecuniae
1695 2801 1885 2863 quibus
1920 2815 2022 2854 au-

277 2894 420 2944 xilia
465 2891 828 2956 conduceret,
873 2892 1331 2954 praeceptumque
1366 2890 1428 2938 ut
1470 2899 1533 2937 se
1567 2889 1860 2940 Hannibali
1897 2893 2023 2943 iun-

279 2984 458 3048 geret.
528 2982 714 3044 scipio
751 2993 785 3031 a
818 2980 1113 3042 Syracusis
1159 2980 1216 3028 in
1257 2978 1502 3028 Bruttios
1539 2979 1785 3044 traiecit,
1820 2984 1879 3032 et
1910 2983 2025 3032 Lo-

285 3084 413 3124 cros
447 3070 606 3135 pulso
643 3070 850 3120 Punico
886 3065 1160 3131 praesidio
1193 3067 1494 3130 fugatoque
1522 3067 1829 3118 Hannibale
1861 3081 2024 3122 reco-

282 3163 382 3227 pit.
451 3161 566 3211 Pax
601 3171 727 3210 eum
765 3158 1012 3220 Philippo
1055 3157 1205 3206 facta
1239 3158 1343 3206 est.
1412 3155 1579 3206 Idaea
1612 3161 1793 3208 mater
1822 3159 2023 3222 depor-
2033 3156 2103 3216 ³0

285 3254 406 3303 tata
441 3253 530 3302 est
563 3249 788 3298 Romam
819 3259 856 3296 a
880 3246 1202 3296 Pessinunte
1235 3246 1435 3309 oppido
1458 3245 1753 3315 Phrygiae,
1788 3249 2027 3299 earmine

285 3342 346 3391 in
377 3339 536 3392 libris
559 3335 850 3401 sibyllinis
871 3337 1119 3403 invento,
1153 3333 1321 3400 «pelli
1343 3332 1509 3386 ltalia
1534 3334 1902 3404 alienigenam
1924 3338 2025 3388 bo·
