2525 3925
620 297 908 350 nannum
942 297 1459 351 meua'rmnom.
1838 303 1909 350 π
1944 279 1950 284 ’

279 439 370 490 26.
405 440 487 494 Ea
519 447 798 504 postquam
830 441 1013 508 Cirtae
1048 445 1232 496 audita
1270 449 1414 512 sunt,
1450 445 1652 510 Italici,
1686 461 1907 510 quorum

161 532 380 580 virtute
428 532 644 580 moenia
699 531 1148 599 defensabantur,
1203 535 1393 583 confisi
1441 534 1713 584 deditione
1761 538 1910 585 facta

163 621 396 681 propter
450 621 872 681 magnitudinem
925 621 1112 682 populi
1162 623 1393 671 Romani
1443 622 1737 672 inviolatos
1788 636 1911 673 sese

163 709 308 772 fore,
343 707 640 756 Adherbali
663 709 911 771 suadent,
951 711 1028 758 uti
1059 721 1223 771 seque
1256 714 1313 759 et
1346 709 1593 772 oppidum
1618 711 1910 772 Iugurthae

169 795 384 858 tradat,
430 797 634 844 tantum
672 797 740 845 ab
775 808 841 845 eo
878 797 1044 845 vitam
1081 799 1424 863 paciscatur,
1480 797 1547 846 de
1582 800 1778 848 ceteris
1819 799 1953 848 se-5

171 885 327 932 ualui
377 895 542 933 curae
583 885 717 933 fore.
786 884 863 933 At
907 884 1036 951 ille,
1089 888 1306 935 tametsi
1353 888 1532 935 omnia
1568 888 1778 947 potiora
1810 878 1915 936 fide'

169 971 482 1043 Iugurthae·
509 975 758 1035 rebatur,
816 977 992 1024 tamen
1035 975 1160 1036 quia
1206 985 1375 1034 penes
1422 974 1673 1036 eosdem,
1730 978 1778 1024 si
1814 975 1914 1026 ad-

171 1063 524 1127 versaretur,
569 1062 804 1124 cogundi
840 1065 1084 1124 potestas
1120 1066 1272 1123 erat,
1323 1064 1434 1127 ita,
1477 1065 1555 1112 uti
1593 1069 1927 1114 censuerant·

171 1147 376 1210 Italici,
413 1149 734 1198 deditionem
761 1150 909 1199 facit.
964 1151 1302 1212 Iugurthain
1343 1153 1529 1212 primis
1554 1151 1913 1202 Adherbalem

175 1238 544 1286 excruciatum
582 1240 770 1303 necat,
823 1237 1018 1287 deinde
1056 1241 1228 1288 omnis
1266 1240 1497 1301 puberes
1531 1241 1789 1289 Numidas
1824 1239 1913 1290 ιιι-ἑ
1929 1237 1991 1286 10

174 1336 280 1386 que
311 1328 682 1389 negotiatores
721 1329 1058 1395 promiscue,
1091 1329 1172 1376 uti
1207 1330 1434 1390 quisque
1468 1331 1694 1378 armatis
1726 1329 1916 1398 obvius

171 1413 386 1480 fuerat,
419 1413 694 1464 interficit.

277 1501 364 1550 27.
421 1498 576 1565 Quod
613 1497 897 1566 postquam
933 1503 1140 1554 Romae
1182 1507 1454 1567 cognitum
1494 1509 1605 1566 est,
1645 1510 1702 1555 et
1739 1517 1827 1555 res
1860 1506 1915 1553 in

174 1593 369 1639 senatu
419 1591 620 1654 agitari
669 1599 889 1659 coepta,
941 1592 1085 1642 idem
1132 1591 1217 1641 iili
1272 1593 1505 1642 minist-ri
1556 1593 1705 1656 regis
1748 1595 1920 1640 inter-

178 1678 436 1741 penando
487 1693 554 1729 ac
601 1692 768 1740 saepe
821 1681 1028 1745 gratia,
1082 1679 1350 1730 interdum
1406 1683 1604 1743 iurgiis
1658 1677 1993 1730 traheud045

177 1771 408 1830 tempus,
448 1769 790 1817 atrocitatem
831 1767 964 1816 facti
997 1767 1292 1816 leniebant.
1341 1767 1425 1816 Ac
1444 1759 1507 1814 'ni
1535 1768 1600 1817 G.
1624 1767 1920 1829 Memmius,

180 1858 428 1906 tribunus
467 1855 648 1918 plebis
682 1855 1024 1920 designatus,
1080 1857 1168 1903 vir
1209 1866 1341 1906 acer
1376 1859 1431 1904 et
1464 1856 1693 1905 infestus
1727 1858 1921 1917 poten—

177 1946 290 1995 tiae
336 1944 666 2007 nobilitatis,
721 1943 976 2007 populum
1012 1944 1310 1995 Romanum
1356 1945 1665 1994 edocuisset
1712 1945 1765 1993 id
1814 1945 1922 2009 agi,

178 2036 240 2083 ut
278 2044 380 2095 per
414 2044 616 2095 paucos
649 2034 916 2082 factiosos
939 2031 1247 2097 'Iugurthae
1280 2032 1465 2082 scelus
1511 2034 1919 2095 condonaretur,

177 2123 432 2184 profecto
466 2122 642 2171 omnis
677 2120 885 2171 invidia
926 2122 1264 2183 prolatandis
1314 2122 1799 2171 consultationibus
1835 2119 2000 2172 di2-20

180 2210 342 2271 lapsa
391 2211 563 2259 foret:
636 2213 789 2260 tauta
847 2211 934 2260 vis
979 2211 1190 2273 gratiae
1244 2212 1405 2273 atque
1459 2211 1723 2273 pecuniae
1777 2212 1925 2271 regis

182 2301 318 2351 erat.
371 2299 478 2347 Sed
505 2299 594 2346 ubi
625 2298 851 2347 senatus
887 2297 1073 2347 delicti
1105 2300 1443 2347 conscientia
1478 2296 1729 2360 populum
1756 2300 1924 2361 timet,

183 2388 316 2449 lege
353 2386 674 2446 sempronia
711 2388 1034 2447 provinciae
1075 2386 1279 2435 futuris
1332 2386 1641 2435 consulibus
1676 2379 1928 2435 Numidia

187 2478 354 2535 atque
371 2470 533 2521 ltalia
553 2475 836 2537 decretae3
868 2473 1119 2524 consules
1136 2466 1404 2523 declarati
1422 2474 1477 2524 P.
1502 2475 1685 2535 Scipio
1708 2461 1932 2537 Nasica,¹
1966 2538 1971 2545 θ

183 2565 252 2613 Ia.
271 2563 457 2611 Bestia
471 2560 802 2623 Calpurnius
814 2576 833 2625 3
871 2560 1167 2624 Calpurnio
1190 2560 1461 2625 Numidia,
1496 2560 1741 2622 Scipioni
1765 2562 1923 2611 Italia
1937 2540 2011 2613 25⁶

184 2651 414 2703 obvenit
424 2663 443 2712 ς
498 2648 692 2697 deinde
733 2653 1036 2717 exercitus,
1087 2650 1176 2712 qui
1224 2650 1281 2698 in
1320 2648 1561 2698 Africam
1603 2654 1930 2713 portaretur,

183 2739 446 2791 scribitur
461 2752 478 2801 3
529 2738 852 2802 stipendium
901 2738 1144 2803 aliaque,
1197 2750 1337 2800 quae
1380 2732 1528 2787 b‘elio
1577 2736 1695 2785 usui
1732 2727 1929 2795 forent,

187 2830 575 2879 decernuntur.
605 2834 608 2837 ’
1352 2820 1377 2835 ”
1929 2834 1935 2841 ·

293 2916 396 2967 2&
416 2918 491 2966 At
513 2917 793 2983 Iugurtha,
829 2920 1021 2966 contra
1054 2926 1203 2977 spem
1239 2914 1431 2965 nuntio
1456 2916 1705 2981 accepto,
1724 2904 1931 2977 ‘quippe

187 3006 318 3070 quoi
353 3002 563 3055 Romae
590 3005 770 3055 omnia
806 3016 1000 3053 venum
1035 3004 1119 3054 ire
1153 3005 1208 3052 in
1245 3004 1427 3053 animo
1463 3004 1730 3069 haeserat,
1762 3004 1925 3053 filium
1942 3001 2008 3053 3⁰

293 3218 362 3259 to:-
387 3217 530 3269 aeq-0]
551 3224 592 3255 ee
615 3216 669 3258 it.
699 3239 745 3251 ..-
773 3218 834 3257 ¹¹.
861 3222 1038 3257 armam
1061 3218 1112 3258 v.
1143 3218 1195 3258 a.
1225 3238 1271 3249 -
1311 3216 1371 3255 u.
1402 3208 1609 3281 samsari
1628 3216 1679 3256 κ.
1709 3238 1754 3246 -
1786 3218 1845 3258 ιο,
1876 3221 1935 3256 ue.-

191 3288 242 3329 V.
270 3287 322 3327 lt.
350 3306 398 3317 --
447 3286 510 3325 “-
537 3284 720 3324 decretae
744 3290 834 3323 sunt
859 3286 911 3327 V.
938 3306 986 3315 ·-—
1035 3286 1098 3327 85.
1119 3285 1325 3339 *Numidia
1351 3282 1567 3331 cab-uuio
1592 3284 1643 3325 V.
