2525 3925
619 297 926 348 mimam·
943 297 1457 352 manarum
1837 303 1903 354 ol

162 444 344 499 media
365 444 566 511 fuerat,
597 443 914 496 dilacerata.
957 443 1210 496 Ceterum
1233 446 1493 498 nobilitas
1514 447 1755 500 faotione
1788 462 1907 500 ma·-

163 535 252 598 gis
287 532 559 597 pollebat,
602 533 780 596 plebis
807 535 894 582 vis
927 533 1108 584 soluta
1148 538 1311 596 atque
1348 534 1593 596 dispersa
1628 538 1685 586 in
1718 537 1905 588 multi·-

166 624 356 672 tudine
392 624 566 674 minus
602 623 834 685 poterat.
895 621 1193 672 Paucorum
1229 625 1458 674 arbitrio
1492 623 1621 674 belli
1658 625 1907 688 domique

164 712 508 776 agitabatur,
543 723 713 772 penes
750 711 970 760 eosdem
1005 713 1309 778 aerarium,
1350 713 1693 777 provinciae,
1730 717 1917 778 magi-.

163 802 390 866 stratus,
411 799 623 864 gloriae
649 797 1008 860 triumphique
1031 802 1222 862 erant3
1252 799 1487 862 populus
1522 800 1717 852 militia
1748 806 1947 864 atque5

161 890 352 949 inopia
394 890 725 952 urguebatur
736 902 754 951 3
809 889 1040 949 praedas
1091 887 1323 939 bellicas
1374 889 1735 950 imperatores
1782 903 1907 940 cum

163 978 358 1038 paucis
407 977 764 1039 diripiebant3
815 978 1026 1026 interea
1077 981 1335 1038 parentes
1386 981 1483 1028 aut
1536 980 1692 1039 parvi
1744 979 1905 1030 liberi

163 1064 432 1128 militum,
485 1067 566 1115 uti
606 1067 834 1128 quisque
876 1066 1170 1127 potentiori
1206 1065 1437 1114 confinis
1486 1070 1637 1130 erat,
1688 1068 1907 1118 sedibus

161 1151 534 1214 pellebantur.
601 1155 686 1204 lta
724 1167 844 1204 cum
878 1155 1124 1216 potentia
1157 1156 1395 1204 avaritia
1428 1156 1547 1204 sine
1580 1154 1743 1206 modo
1788 1168 1905 1206 mo-

166 1243 452 1303 destiaque
507 1243 795 1303 invadere,
842 1242 1092 1303 polluere
1133 1246 1190 1292 et
1229 1250 1452 1294 vastare
1504 1247 1717 1307 omnia,
1767 1245 1899 1294 nihil
1918 1256 1983 1304 10

161 1330 328 1390 pensi
361 1341 540 1392 neque
573 1332 751 1380 sancti
785 1330 1017 1396 habere,
1062 1331 1235 1392 quoad
1270 1336 1445 1382 semet
1478 1334 1599 1394 ipsa
1634 1336 1907 1395 praecipi-

161 1420 323 1468 tavit.
391 1419 532 1468 Nam
574 1419 662 1468 ubi
698 1420 936 1479 primum
972 1431 1040 1470 ex
1072 1419 1357 1470 nobilitate
1392 1425 1599 1482 reperti
1634 1429 1779 1483 sunt,
1814 1424 1907 1484 qui

160 1518 350 1556 veram
387 1505 619 1569 gloriani
653 1509 888 1558 iniustae
921 1509 1194 1569 potentiae
1227 1512 1651 1574 anteponerent,
1698 1512 1907 1562 moveri

161 1596 363 1644 civitas
398 1599 456 1646 et
491 1596 760 1646 dissensio
793 1595 977 1646 civilis
1014 1599 1170 1658 quasi
1217 1599 1513 1658 permixtio
1554 1603 1736 1650 terrae
1772 1602 1907 1651 oriri

159 1683 359 1744 eoepit.
538 1727 548 1736 .
1292 1729 1299 1736 .
1920 1692 1983 1740 15

265 1769 361 1822 42.
396 1773 532 1822 Nam
569 1776 856 1833 postquam
887 1772 1136 1825 Tiberius
1167 1776 1224 1824 et
1260 1774 1327 1822 G.
1354 1775 1653 1836 Gracchus,
1684 1785 1913 1838 quorun

159 1861 400 1910 maiores
435 1859 641 1911 Punico
676 1863 843 1922 atque
879 1859 1005 1909 aliis
1048 1860 1206 1912 bellis
1255 1861 1481 1913 multum
1524 1863 1609 1914 rei
1655 1861 1911 1923 publicae

161 1950 504 2012 addiderant,
543 1949 824 2001 vindicare
843 1947 1055 2011 plebem
1080 1950 1138 1999 in
1170 1949 1483 2001 libertatem
1518 1956 1576 2001 et
1610 1964 1911 2014 paucorum

159 2036 378 2091 scelera
426 2038 744 2100 patefacere
797 2050 1032 2100 coepere
1050 2072 1067 2105 ,
1121 2038 1407 2091 nobilitas·
1427 2043 1595 2091 noxia
1640 2045 1805 2103 atque
1841 2050 1909 2089 eo

155 2126 434 2192 perculsa,
467 2128 630 2177 modo
667 2138 764 2189 per
793 2129 978 2177 socios
1009 2140 1076 2177 ac
1098 2140 1298 2179 nomen
1320 2130 1598 2195 Latinum,
1632 2129 1901 2181 interdum
1916 2138 1985 2191 20

159 2228 264 2278 per
311 2216 530 2276 equites
582 2216 894 2281 Romanos,
955 2228 1092 2279 quos
1149 2230 1277 2280 spes
1327 2221 1608 2269 societatis
1658 2230 1697 2269 a
1747 2218 1907 2281 plebe

157 2306 499 2369 dimoverat,
557 2304 927 2355 Gracchorum
977 2307 1286 2357 actionibus
1344 2306 1565 2357 obviam
1616 2308 1761 2357 ierat
1780 2339 1797 2368 ‚
1851 2310 1909 2357 et

157 2395 335 2457 primo
373 2392 646 2441 'tiberium
663 2425 679 2457 2
733 2392 857 2441 (lein
892 2404 1096 2453 paucos
1131 2400 1256 2453 post
1292 2406 1463 2445 annos
1496 2395 1687 2447 eadem
1716 2400 1907 2458 ingre-

161 2482 398 2531 dientem
433 2480 646 2545 Gaium,
687 2483 959 2533 tribunum
995 2482 1264 2548 alterum,
1300 2480 1532 2533 alterum
1568 2486 1909 2535 triumvirum

161 2568 398 2619 coloniis
445 2568 805 2632 deducundis,
859 2581 977 2619 cum
1020 2572 1092 2619 Μ.
1125 2566 1329 2617 Fulvio
1364 2568 1571 2619 Flacco
1614 2571 1767 2621 terro
1804 2580 1983 2629 iic-25

160 2660 405 2707 caverat.
457 2654 530 2705 Et
551 2666 686 2705 sane
711 2656 977 2707 Gracchis
1011 2658 1262 2718 cupidine
1301 2659 1567 2707 victoriae
1601 2658 1743 2707 baud
1772 2661 1913 2710 satis

163 2746 478 2797 moderatus
513 2744 726 2793 animus
758 2744 896 2795 fuiti
936 2746 1030 2795 sed
1063 2746 1200 2797 bono
1235 2746 1388 2795 vinci
1422 2746 1597 2795 satius
1631 2750 1715 2796 est
1752 2759 1908 2808 quam

161 2834 308 2885 malo
345 2845 496 2881 more
531 2834 785 2881 iniuriam
809 2832 1046 2881 vincere.
1100 2834 1279 2897 Igitur
1304 2846 1371 2884 ea
1394 2834 1630 2883 victoria
1652 2833 1909 2885 nobilitas

163 2936 232 2973 ex
259 2920 502 2972 lubidine
531 2933 632 2971 sua
669 2932 768 2971 usa
799 2920 998 2971 multos
1033 2922 1287 2971 mortalis
1323 2922 1474 2973 ferro
1512 2927 1608 2973 aut
1641 2924 1776 2989 fuga
1808 2935 1908 2972 ex-

161 3013 368 3073 stinxit,
404 3009 639 3073 plusque
674 3011 730 3059 in
765 3008 1032 3072 reliquum
1071 3012 1180 3061 sibi
1203 3012 1410 3061 timoris
1436 3023 1597 3073 quam
1630 3017 1984 3073 potentiaeao

260 3227 298 3267 8.
339 3227 384 3265 ἐκ
403 3223 656 3265 mitudin-
681 3224 863 3274 εὔφη-ω
888 3223 936 3263 V.
960 3243 1012 3253 -
1059 3223 1099 3265 8.
1142 3228 1186 3260 ue
1222 3222 1277 3263 Κ.
1306 3243 1350 3251 -
1404 3223 1493 3272 (u.
1532 3226 1747 3272 pandendo
1774 3226 1907 3268 ciuilia

161 3298 280 3347 quasi
302 3295 494 3334 discendo
519 3298 652 3331 terroe
675 3291 842 3332 eortius
868 3290 1004 3343 coni.)
1027 3308 1074 3321 —-·
1124 3292 1188 3333 u.
1219 3290 1492 3341 kimat.
1522 3292 1571 3331 V.
