2525 3925
847 344 1203 403 cA'rimNa.
1840 352 1913 404 46

163 508 336 559 saepe
367 495 620 545 fortunae
656 494 972 547 violentiam
996 496 1341 561 toleravisse,
1373 498 1628 551 facundia
1652 500 1914 566 Graecos,

167 584 351 647 gloria
386 583 519 635 belli
545 583 742 634 Gallos
763 589 892 635 ante
915 586 1190 635 Romanos
1223 585 1413 637 fuisse.
1464 588 1549 635 Ac
1581 590 1709 637 mibi
1744 590 1913 641 multa

171 675 406 737 agitanti
443 674 744 739 constabat,
779 686 1072 735 paucorum
1105 674 1305 723 civium
1342 677 1619 739 egregiam
1654 678 1912 729 virtutem

169 766 371 813 cuncta
405 764 731 824 patravisse,
767 774 940 823 eoque
971 763 1192 826 factum,
1229 764 1309 811 uti
1344 764 1565 813 divitias
1604 769 1911 831 paupertas,

168 850 566 901 multitudinem
619 851 866 912 paucitas
917 852 1217 911 superaret.
1290 852 1397 901 Sed
1446 854 1726 913 postquam
1772 850 1949 905 luxu5

169 942 334 1001 atque
371 938 580 989 desidia
616 940 814 989 civitas
854 940 1112 999 corrupta
1157 941 1269 1003 est,
1328 950 1515 989 rursus
1560 953 1650 991 res
1694 942 1913 1003 publica

168 1012 542 1090 maguitudino
579 1040 680 1077 sua
715 1028 1102 1091 imperatorum
1137 1031 1299 1089 atque
1331 1031 1744 1091 magistratuum
1774 1033 1913 1083 vitia

167 1116 530 1181 sustentabat,
561 1128 645 1181 ac,
686 1118 848 1165 sicuti
879 1114 1042 1165 effeta
1071 1118 1368 1180 parentum,
1400 1117 1583 1167 multis
1616 1122 1911 1181 tempesta-

169 1206 320 1255 tibus
355 1203 498 1253 baud
531 1214 664 1253 sane
705 1205 984 1265 quisquam
1020 1205 1228 1253 Romae
1273 1206 1479 1255 virtute
1520 1218 1749 1269 magnus
1790 1209 1909 1259 fuit.

169 1293 282 1343 Sed
303 1294 560 1343 memoria
583 1305 704 1343 mea
725 1294 936 1355 ingenti
957 1293 1182 1357 virtute,
1215 1291 1456 1343 divorsis
1488 1297 1727 1345 moribus
1750 1297 1905 1347 fuere
1920 1292 1987 1345 10

168 1383 278 1432 viri
316 1383 453 1447 duo,
484 1382 558 1429 M.
603 1380 740 1431 Cato
777 1384 834 1429 et
871 1381 933 1429 G.
969 1376 1192 1443 Caesar3
1237 1392 1369 1443 quos
1400 1384 1648 1443 quoniam
1683 1398 1776 1435 res
1812 1387 1911 1435 ob-

171 1470 410 1532 tulerat,
461 1468 684 1521 silentio
736 1470 1038 1533 praeterire
1095 1480 1202 1517 non
1253 1469 1361 1517 fuit
1412 1470 1729 1539 consilium,
1782 1476 1909 1535 quin

170 1558 453 1620 utriusque⁴
483 1561 732 1607 naturam
771 1562 828 1609 et
861 1568 1068 1621 mores,
1121 1560 1374 1619 quantum
1426 1561 1647 1623 ingenio
1669 1574 1910 1627 -possem,

168 1648 455 1709 aperirem.

273 1734 366 1785 54.
401 1737 580 1799 Igitur
603 1733 688 1783 bis
709 1746 903 1801 genus,
935 1736 1106 1801 aetas,
1139 1734 1451 1796 eloquentia
1472 1748 1637 1799 prope
1656 1738 1905 1799 aequalia
1922 1740 1985 1791 15
2044 1786 2053 1793 .

166 1823 350 1887 fuere3
387 1822 704 1887 magnitudo
742 1824 908 1873 animi
939 1834 1064 1887 par,
1097 1824 1227 1871 item
1263 1822 1469 1887 gloria,
1516 1827 1613 1874 sed
1649 1826 1761 1877 alia
1796 1827 1910 1879 alii.

167 1908 371 1963 Caesar
405 1912 682 1964 beneficiis
717 1924 786 1962 ac
821 1911 1192 1966 munificentia
1213 1922 1442 1974 magnus
1465 1913 1787 1981 habebatur,
1820 1917 1911 1966 in-

167 2005 428 2066 tegritate
468 2005 620 2052 vitae
645 1998 799 2050 Cato.
855 1999 958 2050 Ille
1001 2001 1409 2050 mansuetudine
1446 2004 1503 2051 et
1539 2005 1911 2055 misericordia

167 2090 352 2140 clarus
378 2093 572 2153 factus,
611 2091 738 2138 buic
753 2091 1044 2140 ”severitas
1079 2089 1401 2152 dignitatem
1424 2091 1720 2142 addiderat.
1770 2092 1911 2143 Gae-

131 2215 138 2220 -
164 2193 260 2230 sar
281 2179 476 2242 dando,
509 2178 862 2244 sublevando,
897 2179 1249 2243 ignoscendo,
1288 2176 1425 2228 Cato
1448 2178 1583 2230 nihil
1615 2181 1903 2246 largiundo
1918 2183 1985 2235 20

164 2267 400 2330 gloriam
433 2267 660 2330 adeptus
695 2272 795 2318 est.
871 2271 934 2316 ln
966 2267 1144 2318 altero
1177 2267 1394 2316 miseris
1430 2270 1736 2332 perfugium
1772 2276 1912 2335 erat,

163 2356 223 2404 in
261 2354 439 2405 altero
487 2357 643 2405 malis
695 2358 999 2419 pernicies3
1051 2355 1203 2403 illius
1245 2355 1514 2422 facilitas,
1567 2358 1725 2406 liuius
1776 2371 1911 2409 con-

165 2443 378 2492 stantia
397 2442 730 2494 laudabatur.
785 2447 1066 2496 Postremo
1093 2439 1299 2492 Caesar
1322 2445 1379 2492 in
1415 2445 1647 2495 animum
1682 2447 1911 2497 induxe-

165 2534 262 2581 rat
297 2529 580 2597 laborare,
613 2532 886 2597 vigilare3
935 2531 1171 2593 negotiis
1203 2532 1497 2580 amicorum
1532 2535 1775 2584 intentus
1811 2547 1913 2585 sua

163 2617 498 2682 neglegere,
551 2618 688 2668 nihil
721 2619 1020 2684 denegare,
1076 2621 1218 2682 quod
1272 2619 1417 2670 dono
1462 2621 1682 2683 dignum
1728 2625 1985 2687 esset325

163 2709 274 2760 sibi
309 2719 563 2770 magnum
597 2709 904 2772 imperium,
957 2709 1289 2772 exercitum,
1334 2707 1536 2760 bellum
1574 2721 1773 2760 novom
1810 2725 1912 2760 ex-

164 2798 410 2862 optabat,
447 2797 539 2848 ubi
577 2797 752 2846 virtus
785 2799 1088 2848 enitescere
1111 2799 1311 2859 posset.
1358 2798 1435 2848 At
1458 2794 1651 2848 Catoni
1676 2800 1910 2849 studium

163 2886 493 2946 modestiae,
529 2883 778 2950 decoris,
814 2888 908 2934 sed
946 2898 1190 2936 maxume
1225 2887 1541 2936 severitatis
1578 2889 1717 2936 erat.
1786 2887 1909 2938 Non

165 2975 377 3025 divitiis
413 2987 534 3024 cum
568 2976 772 3040 divite,
823 2986 998 3042 neque
1031 2975 1273 3025 factione
1320 2987 1441 3026 cum
1491 2974 1759 3041 factioso,
1812 2978 1907 3026 sed

264 3147 305 3186 2.
332 3145 529 3186 non-nm
554 3150 644 3184 am
668 3146 718 3186 V.
746 3167 796 3176 -
831 3147 871 3187 4.
894 3148 1104 3200 paratino
1128 3146 1178 3185 V.
1205 3166 1256 3176 —-
1288 3147 1331 3185 8.
1359 3144 1501 3194 effoeta
1518 3150 1687 3196 parente
1710 3145 1761 3186 V.
1790 3145 1909 3196 (cun

168 3213 308 3258 Guelf.
328 3214 396 3264 7.)
421 3214 562 3264 effetae
581 3220 791 3262 patenam
815 3215 1134 3256 auotoncmio
1151 3215 1206 3254 K.
1231 3235 1279 3245 ——
1314 3212 1549 3262 ‘moribus
1568 3213 1619 3253 V'.
1648 3235 1693 3244 —-
1730 3214 1789 3252 1².
1815 3225 1909 3252 eon-

166 3284 302 3326 silium
323 3295 400 3325 non
414 3281 498 3334 [υἱὲ
521 3283 571 3323 V.
587 3302 637 3312 -
685 3283 750 3324 1².
778 3283 852 3334 ce]
877 3284 926 3324 V.
954 3283 1140 3322 firm-nte
1167 3281 1338 3322 claudio
1376 3281 1597 3320 Sacerdote
1618 3293 1663 3332 p.
1688 3281 1755 3321 86.
1793 3285 1911 3331 aequ

167 3351 220 3393 K.
248 3352 299 3394 G.
327 3371 378 3380 -
425 3351 488 3391 Μ.
519 3361 598 3392 om.
626 3356 712 3392 erae
735 3351 789 3394 Κ.
817 3371 867 3381 -
913 3351 981 3399 id.
1008 3361 1150 3392 mum
1174 3349 1315 3392 balbam
1340 3349 1395 3390 K.
1418 3369 1469 3380 -
1516 3350 1583 3392 19.
1610 3359 1683 3388 uec
1708 3349 1759 3389 V.
