2525 3925
861 331 1228 385 mmmmm
1268 332 1426 385 CXL.
1911 334 2017 385 20⁹

277 480 457 543 posita
489 480 630 529 sunt.
705 475 936 531 Crassus
973 480 1119 530 iilius
1155 482 1222 531 ab
1260 481 1529 541 equitibus
1560 480 1831 531 Fimbriae
1866 482 2019 531 occi-

276 582 388 619 sus.
458 569 621 619 Pater
659 565 922 634 Crassus,
963 580 1034 617 ne
1070 570 1196 631 quid
1230 571 1509 631 indignum
1546 570 1750 619 virtute
1784 582 1885 619 sua
1920 581 2023 630 pa-

279 660 505 722 teretur,
542 655 727 719 gladio
762 668 823 705 se
858 656 1141 706 transfixit.
1218 658 1291 707 Et
1326 658 1467 707 citra
1504 656 1616 707 ulla
1643 658 1864 707 comitia
1890 669 2021 707 con-

283 744 434 795 sules
469 746 526 793 in
562 748 880 806 sequentem
915 756 1110 794 annum
1135 757 1196 794 se
1223 746 1371 806 ipsos
1410 747 1887 806 renuntiaverunt3
1924 756 2021 795 eo-

280 834 508 895 demque
557 832 678 893 die‚
743 844 846 893 quo
898 834 1271 895 magistratum
1324 834 1587 896 inierant,
1639 833 1849 881 Marius
1898 828 2065 881 Sex.5

286 921 552 971 Licinium
575 924 882 969 senatorem
919 918 986 968 de
1017 932 1150 970 saxo
1173 920 1335 970 deiicl
1369 922 1542 984 iussit,
1582 919 1845 982 editisque
1882 919 2025 969 mul-

197 1008 356 1061 ⁶⁶8tis
405 1008 710 1059 sceleribus
760 1007 940 1057 Idibus
991 1010 1257 1059 Ianuariis
1313 1008 1577 1074 decessit,
1636 1009 1725 1057 vir
1775 1009 1929 1057 cuius
1975 1008 2025 1057 si

281 1098 658 1149 examinentur
693 1110 812 1147 cum
848 1097 1143 1147 virtutibus
1184 1098 1335 1160 vitia,
1372 1098 1511 1146 haud
1550 1096 1717 1147 facile
1752 1098 1827 1145 sit
1860 1096 2027 1157 dictu,

285 1188 460 1235 utrum
507 1183 652 1233 bello
701 1184 895 1235 melior
933 1197 1001 1233 an
1037 1196 1175 1246 pace
1210 1185 1572 1245 perniciosior
1606 1185 1783 1233 fuerit.
1853 1184 2029 1247 Adeo,

283 1285 441 1339 quam
477 1283 596 1321 rem
630 1270 898 1334 publicam
935 1277 1176 1323 armatus
1207 1276 1471 1336 servavit,
1512 1286 1631 1323 ea·
1663 1274 1833 1333 primo
1864 1274 2026 1333 toga·-
2040 1270 2104 1319 10

286 1365 376 1411 tus
429 1362 573 1411 omui
633 1371 838 1426 genere
895 1360 1104 1411 fraudis
1121 1396 1138 1427 ,
1206 1365 1478 1425 postremo
1536 1361 1703 1411 armis
1757 1360 2031 1410 hostiliter

283 1449 500 1501 evertit.

905 1590 1140 1641 Liber
1185 1591 1425 1641 LXXXI.

199 1697 284 1739 ⁶68
390 1699 454 1748 L.
477 1698 634 1750 Sulla
656 1698 920 1765 Athenas,
957 1711 1090 1760 quas
1123 1698 1431 1749 Archelaus
1466 1699 1777 1759 praefectus
1812 1698 2033 1747 Mithri·-

286 1787 430 1837 datis
481 1791 810 1851 occuparat,
879 1788 1228 1837 circumsedit
1284 1790 1341 1836 et
1392 1798 1515 1835 cum
1579 1798 1775 1849 magno
1833 1784 2025 1835 labore
2044 1784 2109 1833 15

287 1877 638 1941 expugnavit.
709 1875 843 1925 Urbi
886 1874 1225 1939 libertatem,
1278 1878 1333 1925 et
1379 1876 1590 1923 civibus
1641 1884 1779 1935 quae
1824 1875 2029 1924 habue—

290 1967 437 2028 rant,
485 1966 733 2014 reddidit.
807 1965 1114 2028 Magnesia,
1156 1975 1299 2026 quae
1332 1960 1455 2014 sola
1488 1965 1543 2012 in
1576 1964 1711 2013 Asia
1749 1963 1945 2012 civitas
1981 1962 2035 2010 in

291 2050 399 2102 ilde
456 2057 757 2114 manserat,
818 2063 1033 2102 summa
1088 2053 1292 2102 virtute
1349 2053 1618 2102 adversus
1670 2050 2039 2100 Mithridatem

292 2138 520 2190 defensa
568 2144 668 2192 cst.
741 2141 1032 2191 Praeterea
1068 2141 1335 2192 Thracum
1383 2141 1441 2190 in
1490 2139 1810 2190 Macedonia
1857 2137 2037 2188 conti-

293 2231 390 2278 net
422 2232 594 2292 gesta.
2050 2217 2119 2270 20

899 2372 945 2421 L
965 2373 982 2420 i
1000 2371 1034 2420 b
1052 2383 1082 2420 e
1102 2383 1132 2421 r
1181 2369 1445 2420 Lxxxu.

405 2477 562 2528 Sulla
616 2480 804 2540 copias
861 2480 1046 2540 regis,
1107 2489 1246 2540 quae
1296 2474 1619 2527 Macedonia
1672 2475 1936 2538 occupata
1986 2476 2043 2523 in

298 2565 639 2616 Thessaliam
673 2570 954 2630 venerant,
993 2566 1203 2628 proelio
1239 2567 1394 2627 vicit,
1432 2565 1610 2613 caesis
1646 2565 1874 2612 bostium
1911 2573 2044 2612 cen-

297 2657 410 2704 tum
461 2654 676 2704 milibus
726 2659 783 2704 et
837 2657 1035 2704 castris
1086 2664 1304 2718 quoque
1353 2651 1691 2715 expugnatis.
1754 2651 2043 2699 Renovato

299 2741 497 2793 deiude
543 2741 689 2792 bello
734 2743 934 2792 iterum
982 2743 1281 2792 exercitum
1330 2741 1478 2803 regis
1528 2740 1667 2788 fudit
1710 2750 1778 2788 ac
1819 2736 2039 2786 delevit.
2054 2739 2119 2790 25

303 2829 610 2882 Archelaus
639 2843 757 2880 cum
797 2831 976 2880 classe
1012 2833 1171 2894 regia
1197 2829 1389 2879 Sullae
1425 2840 1487 2877 se
1528 2827 1769 2877 tradidit.
1841 2826 1903 2872 [A.
1928 2825 2047 2873 Va-

219 2919 473 2969 eoelerius
521 2919 758 2968 Flaccus
806 2917 1027 2983 consul,
1069 2916 1287 2980 collega
1321 2914 1555 2979 Cinnae,
1593 2916 1788 2964 missus
1824 2916 1883 2962 ut
1920 2911 2051 2961 Sul-

302 3007 394 3058 lae
421 3010 754 3074 succederet,
807 3009 1030 3069 propter
1063 3006 1352 3054 avaritiam
1388 3005 1597 3052 invisus
1632 3002 1898 3052 exercitui
1934 3012 2051 3067 suo,

307 3109 344 3146 a
381 3094 438 3145 C.
476 3097 716 3147 Fimbria
750 3095 936 3162 legato
979 3095 1186 3160 ipsius,
1238 3093 1460 3142 ultimae
1509 3089 1773 3141 audaciae
1820 3090 2055 3154 homine,

412 3321 472 3360 17.
499 3318 738 3370 Maso-ecia]
773 3319 823 3360 sd
853 3319 1054 3372 sipylum.
