2525 3925
603 305 682 364 ⁹0
1147 303 1208 356 G.
1247 305 1551 358 SALUS'H
1579 301 1815 357 cmsl‘l

599 466 695 516 per
746 453 988 502 homines
1033 454 1266 502 nominis
1302 454 1487 504 Latini
1532 455 1591 501 et
1640 453 1821 502 socios
1857 449 2083 500 Italicos
2132 451 2361 512 inpedi-

598 545 780 595 menta
831 542 1072 604 parabat.
1143 543 1250 590 Sed
1300 541 1489 602 plebes
1534 539 1856 590 incredibile
1900 543 2207 590 memoratu
2254 545 2361 602 est,
2404 559 2411 563 ·

601 643 756 693 quam
791 633 1003 680 intenta
1043 632 1214 680 fuerit
1257 632 1567 692 quantaque
1614 631 1673 678 vi
1718 629 2057 692 rogationem
2106 630 2361 691 iusserit,

603 720 941 782 decreverit,
978 718 1248 768 voluerit:
1286 720 1475 781 ‚magis
1510 717 1635 766 odio
1668 716 2007 780 nobilitatis,
2042 718 2171 778 quoi
2208 716 2361 781 mala

560 806 702 859 5illa
737 801 1093 870 parabantur,
1147 819 1305 870 quam
1348 819 1481 858 cura
1512 809 1595 880 rei
1632 805 1883 868 publicae
1894 821 1913 868 3
1968 809 2123 856 tanta
2162 804 2359 856 lubido

600 899 657 946 in
685 897 930 958 partibus
955 898 1092 944 erat.
1143 897 1323 959 Igitur
1353 896 1551 946 ceteris
1580 898 1725 946 metu
1748 894 2035 957 perculsis,
2070 895 2147 944 Μ.
2172 895 2360 944 Scan-

600 997 714 1049 ruS,
753 995 932 1045 quem·
951 983 1192 1044 legatum
1219 984 1437 1032 Bestiae
1469 983 1641 1034 fnisse
1674 995 1837 1046 supra
1872 984 2169 1045 docuimus,
2206 985 2361 1032 inter

599 1071 866 1122 laetitiam
924 1070 1100 1133 plebis
1148 1074 1205 1122 et
1259 1085 1481 1122 suorum
1535 1073 1747 1136 fugam,
1800 1071 2013 1132 trepida
2062 1073 2362 1122 etiamtum

602 1160 827 1208 civitate
843 1192 860 1224 ‚
914 1171 1076 1221 quom
1129 1171 1197 1208 ex
1249 1159 1461 1212 Mamili
1506 1162 1791 1223 rogatione
1846 1164 1957 1210 tres
2006 1161 2361 1222 quaesitores

527 1250 590 1300 10
603 1251 954 1310 rogarentur,
991 1246 1277 1312 effecerat,
1316 1249 1395 1297 uti
1430 1249 1549 1310 ipse
1582 1249 1643 1296 in
1676 1260 1743 1299 eo
1778 1259 2007 1298 numero
2043 1253 2355 1300 crearetur.

597 1335 704 1386 Sed
733 1337 982 1396 quaestio
1025 1339 1272 1386 exercita
1306 1348 1504 1398 aspere
1544 1336 1927 1399 violenterque
1950 1348 2020 1386 ex
2046 1349 2273 1399 rumore
2296 1343 2358 1386 et

597 1423 838 1474 lubidine
867 1424 1072 1488 plebis3
1111 1428 1170 1473 ut
1201 1436 1369 1488 saepe
1404 1425 1762 1492 nobilitatem,
1794 1427 1879 1476 sic
1916 1437 1984 1476 ea
2020 1428 2355 1487 tempestate

599 1512 810 1572 plebem
847 1525 916 1562 ex
948 1501 1202 1564 secundis
1237 1515 1403 1564 rebus
1438 1513 1733 1566 insolentia
1770 1516 2009 1576 ceperat.

701 1599 790 1650 41.
865 1600 1118 1652 Ceterum
1171 1614 1289 1652 mos
1340 1603 1575 1664 partium
1627 1601 1969 1664 popularium
2018 1604 2075 1652 et
2120 1607 2353 1654 senatus

527 1691 588 1742 15
604 1691 936 1753 factionum,
985 1703 1051 1740 ac
1091 1690 1287 1742 deinde
1322 1693 1567 1740 omnium
1602 1690 1874 1750 malarum
1910 1691 2112 1750 artium
2157 1694 2355 1752 paucis

600 1781 728 1828 ante
751 1780 910 1828 annis
933 1778 1138 1828 Romae
1159 1783 1315 1830 ortus
1348 1781 1433 1833 est
1465 1780 1577 1828 otio
1612 1782 1779 1840 atque
1802 1780 2137 1830 abundantia
2160 1792 2351 1839 earnm

599 1878 780 1916 rerum
797 1899 814 1930 ,
875 1879 1016 1930 quae
1063 1869 1238 1930 prima
1274 1867 1533 1918 mortales
1570 1867 1788 1918 ducunt.
1858 1867 1999 1920 Nam
2028 1869 2161 1918 ante
2202 1869 2353 1925 Kar-

600 1954 876 2018 thaginem
913 1954 1148 2007 deletam
1184 1955 1414 2018 populus
1449 1959 1507 2007 et
1544 1957 1769 2007 senatus
1802 1956 2079 2009 Romanus
2132 1956 2351 2019 placide

598 2044 950 2106 modesteque
987 2047 1133 2095 inter
1167 2056 1227 2093 se
1276 2056 1391 2093 rem
1444 2043 1719 2105 publicam
1771 2044 2111 2109 tractabant,
2168 2058 2349 2109 neque

523 2130 590 2181 20
601 2130 813 2195 gloriae
845 2143 1028 2193 neque
1067 2131 1449 2181 dominationis
1484 2136 1760 2182 certamen
1810 2134 1955 2183 inter
2000 2134 2144 2183 civis
2192 2139 2347 2197 erat3

597 2223 776 2269 metus
813 2219 1028 2272 hostilis
1063 2221 1122 2269 in
1157 2222 1315 2270 bonis
1350 2221 1559 2271 artibus
1598 2222 1877 2272 civitatem
1901 2222 2187 2273 retinebat.
2238 2224 2349 2273 Sed

597 2308 690 2357 ubi
721 2306 824 2359 illa
864 2307 1096 2357 formido
1149 2310 1417 2361 mentibus
1464 2309 1729 2375 decessit,
1778 2310 1995 2361 scilicet
2046 2323 2145 2374 ea,
2206 2324 2351 2373 quae

595 2408 688 2450 res
723 2397 998 2447 secundae
1033 2400 1246 2461 amant,
1283 2397 1521 2449 lascivia
1556 2404 1725 2461 atque
1760 2400 2014 2461 superbia
2047 2400 2349 2457 incessere.

597 2485 702 2548 lta,
735 2483 880 2546 quod
913 2485 974 2535 in
1005 2486 1252 2537 advorsis
1288 2488 1451 2547 rebus
1483 2490 1813 2549 optaverant
1846 2489 2031 2554 otium,
2063 2491 2351 2551 postquam

521 2570 586 2623 25
601 2574 783 2633 adepti
819 2577 964 2640 sunt,
999 2576 1256 2635 asperius⁴
1284 2576 1645 2643 acerbiusque
1669 2575 1789 2625 fuit.
1836 2578 2086 2639 Namque
2112 2590 2349 2641 coepere

593 2661 852 2713 nobilitas
887 2662 1239 2726 dignitatem,
1296 2662 1529 2725 populus
1578 2663 1887 2715 libertatem
1935 2667 1994 2714 in
2041 2664 2349 2721 lubidinem

593 2753 848 2818 vortere,
899 2753 1005 2801 sibi
1059 2753 1293 2814 quisque
1348 2752 1580 2816 ducere,
1636 2754 1893 2819 trahere,
1949 2766 2167 2816 rapere.
2258 2758 2349 2807 lta

593 2840 778 2888 omnia
812 2840 870 2911 in
907 2842 1042 2891 duas
1076 2840 1249 2902 partis
1284 2840 1559 2892 abstracta
1592 2845 1752 2907 sunt,
1786 2854 1881 2892 res
1912 2843 2169 2912 publica,
2203 2857 2347 2907 quae

691 3093 730 3131 4.
758 3092 1026 3141 [accrum-it,
1054 3092 1243 3143 voluerit]
1272 3094 1322 3134 G.
1340 3116 1387 3125 —
1411 3094 1450 3133 ²¹.
1481 3106 1561 3135 om.
1586 3093 1716 3144 fuine
1737 3098 1791 3135 G.
1811 3116 1860 3125 —-
1888 3096 1947 3135 n.
1976 3100 2207 3147 quaestione
2220 3101 2273 3139 V.
2297 3123 2341 3132 -

593 3160 656 3197 u.
683 3161 811 3197 senaa·
835 3159 886 3197 lt.
911 3180 962 3189 -
1013 3160 1073 3201 16.
1113 3166 1152 3198 et
1175 3161 1236 3201 ab.
1261 3162 1315 3201 Κ.
1340 3183 1390 3191 -
1439 3164 1503 3202 22.
1542 3163 1739 3215 ἀποπίῃ,
1758 3164 1813 3203 bl.
1842 3166 1891 3204 V.
1922 3165 1975 3205 lt.
2004 3165 2191 3206 discente
2218 3169 2271 3207 G.
2302 3191 2345 3200 -

593 3228 658 3275 ¹⁸-
693 3227 890 3267 ,Μαι
912 3240 978 3267 ru
1003 3230 1054 3269 V.
1081 3230 1134 3271 Κ.
1163 3250 1214 3259 --
1276 3231 1337 3269 26.
1378 3231 1611 3281 diuinitatem
1632 3233 1677 3271 in
1698 3232 1921 3283 aspa-biam
1947 3235 1996 3275 V.
2040 3234 2275 3283 diffitetu-
2300 3240 2343 3278 ἐκ

593 3294 896 3333 dominationem
919 3296 973 3336 B..
1003 3303 1215 3349 utrumqne
1241 3310 1293 3347 σᾳ
1317 3299 1641 3349 interpolatione.
1673 3323 1717 3332 -
1762 3301 1955 3353 populns]
1972 3302 2109 3353 plebes
2136 3304 2187 3345 V.
