2525 3925
658 365 942 419 nannum
976 334 1494 419 xffeunmmm.
1875 370 1943 417 os

190 526 229 562 a
262 514 363 573 Sp.
390 511 589 561 Albino
624 524 722 575 pro
760 513 985 564 consule
1020 514 1187 578 iners,
1222 513 1463 580 inbellis,
1499 526 1676 579 neque
1712 517 1943 577 periculi

194 613 383 663 neque
432 600 637 651 laboris
683 603 923 668 patiens,
976 601 1167 667 lingua
1215 614 1373 664 quam
1423 614 1582 652 manu
1633 606 1948 670 promptior,

194 689 501 751 praedator
538 700 607 737 ex
642 690 807 738 sociis
856 698 912 739 et
959 693 1079 752 ipse
1123 693 1330 753 praetia
1377 692 1636 750 hostium,
1690 694 1807 740 sine
1842 695 1947 741 im-

194 780 359 841 perio
396 784 454 826 et
491 778 754 826 modestia
788 778 1013 827 babitus.
1070 781 1157 828 lta
1192 781 1506 841 imperatori
1540 790 1683 827 novo
1720 780 1841 841 plus
1878 792 1946 829 ex

194 867 366 917 malis
416 865 657 915 moribus
711 865 1093 916 sollicitudinis
1157 880 1314 929 quam
1377 880 1444 926 ex
1505 871 1663 929 copia
1719 868 1989 917 militum5

196 953 379 1005 auxili
410 957 509 1003 aut
542 955 660 1015 spei
682 955 854 1005 bonae
878 954 1191 1006 accedebat.
1242 958 1450 1005 Statuit
1473 960 1650 1005 tamen
1672 952 1947 1021 Metellus,

200 1055 527 1106 quamquam
565 1046 623 1090 et
654 1044 990 1092 aestivorum
1032 1048 1241 1105 tempus
1290 1045 1626 1093 comitiorum
1677 1056 1828 1093 mora
1861 1046 1949 1091 in-

196 1135 507 1196 minuerat,
558 1135 615 1180 et
651 1133 1061 1192 exspectatione
1100 1136 1328 1181 eventus
1373 1134 1572 1181 civium
1620 1136 1828 1182 animos
1861 1135 1949 1181 iu-

198 1225 389 1270 tentos
426 1219 669 1282 putabat,
702 1230 809 1268 non
846 1223 997 1280 prius
1032 1219 1229 1269 bellum
1266 1220 1552 1285 adtingere
1585 1234 1740 1283 quam
1777 1222 1948 1270 maio-

198 1322 323 1359 rum
350 1308 639 1369 disciplina
672 1306 875 1357 milites
908 1308 1162 1357 laborare
1193 1307 1482 1372 coegisset.
1543 1312 1676 1359 Nam
1699 1310 1949 1371 Albinus,
1965 1308 2030 1357 10

204 1397 339 1446 Auli
396 1396 585 1446 fratris
642 1396 1025 1458 exercitusque
1078 1395 1237 1444 clade
1293 1397 1607 1459 perculsus,
1665 1403 1951 1460 postquam

206 1488 537 1535 decreverat
556 1495 661 1533 non
686 1482 873 1547 egredi
895 1486 1196 1547 provincia,
1224 1490 1482 1547 quantum
1506 1489 1765 1547 temporis
1785 1489 1954 1537 aesti-

208 1586 405 1623 vorum
438 1573 495 1621 in
537 1573 759 1633 imperio
792 1570 915 1636 fuit,
950 1572 1263 1635 plerumque
1287 1573 1490 1623 milites
1513 1577 1731 1624 stativis
1757 1577 1955 1624 castris

212 1663 481 1725 babebat,
514 1662 621 1709 nisi
663 1672 821 1722 quom
854 1660 988 1710 odos
1023 1664 1118 1710 aut
1148 1660 1334 1722 pabuli
1369 1667 1588 1724 egestas
1621 1664 1799 1713 locum
1837 1675 1955 1711 mu-

211 1756 337 1801 tare
397 1750 706 1811 subegerat.
796 1749 902 1798 Sed
956 1761 1128 1811 neque
1186 1750 1564 1801 muniebantur
1611 1762 1710 1815 ea,
1775 1752 2032 1812 nequei5

211 1852 367 1889 more
390 1837 613 1888 militari
640 1822 865 1901 'vigiliae
887 1835 1292 1886 deducebantur
1300 1852 1320 1900 3
1359 1839 1695 1899 uti-quoique
1719 1838 1956 1903 lubebat,

208 1931 281 1980 ab
302 1928 479 1990 signis
502 1928 723 1988 aberat3
758 1924 907 1994 lixae
928 1926 1177 1987 permixti
1214 1937 1335 1974 cum
1368 1925 1628 1978 militibus
1651 1928 1738 1977 diu
1763 1931 1958 1977 noctu-

214 2031 321 2081 que
363 2017 730 2080 vagabantur3
784 2014 1035 2076 palantes
1084 2027 1250 2078 agros
1291 2017 1542 2080 vastare,
1595 2016 1760 2066 villas
1789 2029 1959 2079 expu-

214 2119 411 2172 gnare,
448 2105 659 2167 pecoris
690 2109 747 2153 et
779 2105 1165 2166 mancipiorum
1206 2105 1436 2165 praedas
1473 2109 1750 2154 certantes
1775 2117 1960 2170 agere,

218 2207 401 2257 eaque
438 2197 647 2243 mutare
683 2205 801 2242 cum
838 2193 1235 2242 mercatoribus
1266 2194 1401 2242 vino
1437 2195 1734 2244 advectitio
1757 2199 1814 2243 et
1835 2195 1960 2244 aliis
1973 2195 2038 2244 20

222 2284 453 2345 talibus3
508 2287 791 2343 praeterea
837 2281 1162 2330 frumentum
1210 2281 1427 2342 publice
1479 2283 1659 2331 datum
1709 2285 1964 2345 vendere,

220 2385 417 2436 panem
456 2373 511 2421 iu
550 2369 667 2420 dies
702 2371 965 2432 mercari3
1001 2374 1304 2432 postremo,
1341 2381 1694 2432 quaecunque
1727 2372 1836 2419 dici
1871 2376 1965 2419 aut

220 2463 355 2525 fingi
412 2463 611 2522 queunt
664 2459 921 2526 ignaviae
962 2456 1324 2517 luxuriaeque
1374 2459 1597 2522 probra,
1647 2471 1716 2516 ea
1761 2461 1817 2506 in
1865 2457 1963 2508 illo

230 2551 471 2599 exercitu
508 2551 707 2597 cuncta
738 2529 903 2595 ‘fuere
937 2549 993 2594 et
1026 2543 1141 2592 alia
1174 2542 1423 2604 amplius.

330 2637 419 2686 46.
454 2637 560 2685 Sed
596 2637 651 2684 in
686 2647 755 2684 ea
790 2632 1111 2683 difficultate
1134 2631 1418 2680 Metellum
1455 2644 1560 2681 non
1595 2637 1772 2682 minus
1805 2647 1960 2696 quam
1975 2633 2040 2684 25

224 2731 281 2778 in
322 2727 483 2776 rebus
521 2724 807 2774 hostilibus
840 2733 1095 2786 magnum
1128 2724 1189 2770 et
1232 2723 1530 2781 sapientem
1579 2723 1754 2769 virum
1795 2723 1968 2771 fuisse

226 2816 554 2878 comper-ion
606 2817 759 2862 tanta
794 2811 1153 2872 temperantia
1184 2811 1330 2860 inter
1362 2810 1706 2858 ambitionem
1738 2809 1970 2860 saeviti-

226 2916 425 2966 amque
478 2903 841 2954 motieratum:
894 2911 1119 2962 namque
1162 2899 1345 2948 edicto
1391 2900 1616 2959 primum
1663 2899 1973 2949 adiumenta
2023 2967 2040 2977 .

328 3093 371 3130 2.
396 3088 577 3129 labru-
600 3087 769 3128 tronto.
798 3107 844 3120 -
894 3087 954 3126 it
993 3088 1037 3126 ia
1060 3087 1219 3126 naevis
1241 3085 1409 3124 Fronto.
1450 3085 1498 3123 V.
1526 3103 1576 3114 -
1625 3084 1686 3123 14.
1725 3085 1822 3125 odor
1845 3087 1894 3125 V.
1925 3107 1974 3116 —

240 3164 302 3202 15.
332 3171 415 3200 om.
444 3171 515 3197 vv.
552 3168 675 3208 nequ
711 3154 983 3194 mimm-
1005 3166 1053 3192 ιιι
1074 3155 1128 3193 V.
1156 3160 1203 3192 ut
1227 3154 1340 3193 Libri
1365 3159 1519 3192 tautum
1543 3165 1625 3192 aon
1651 3163 1806 3196 omnen.
1849 3165 1973 3206 aequ

234 3228 509 3269 masman-
534 3237 613 3265 om.
643 3236 691 3264 ea
716 3225 883 3264 itm-to,
912 3243 961 3252 —
1011 3222 1071 3263 18.
1100 3222 1342 3260 ducebantur
1364 3222 1418 3262 V.
1446 3241 1492 3252 —·
1543 3221 1604 3260 1⁷.
1633 3220 1701 3259 die
1720 3221 1768 3258 V.
1798 3221 1848 3261 x.
1879 3222 1976 3272 (dan

232 3300 373 3339 Μ
394 3295 595 3344 Fronto.)
620 3313 669 3326 -
719 3293 780 3332 ie.
806 3291 1013 3342 pato-eu]
1036 3291 1203 3330 Fronto.
1232 3295 1272 3328 d
1290 3289 1476 3339 palmo·
1499 3289 1550 3327 V.
1579 3289 1628 3328 G.
1656 3287 1708 3328 K.
1739 3309 1784 3320 --
1835 3289 1897 3330 ⁸⁸.
1930 3303 1979 3329 aa

233 3366 304 3420 ἐκ]
328 3366 497 3406 rreum.
527 3366 568 3402 iu
594 3362 641 3401 V.
666 3361 719 3404 ,9.
748 3360 804 3400 11.
836 3381 875 3392 -—
928 3359 993 3400 28.
1014 3359 1222 3408 pti-ow.
