2525 3925
953 340 1309 393 CATILINA.
1964 344 1999 393 8

253 500 360 552 par
393 488 575 552 gloria
612 490 855 551 sequitur
889 491 1210 552 scriptorem
1236 491 1293 539 et
1315 490 1555 539 actorem
1580 500 1787 556 rerum,
1823 491 2003 540 tamen

251 578 316 626 in
351 578 540 640 primis
574 578 799 627 arduum
833 577 1053 629 videtur
1087 590 1178 629 res
1225 582 1413 641 gestas
1458 578 1730 642 scribere3
1775 580 2004 640 primum

257 668 400 728 quod
437 667 587 715 facta
621 667 783 717 dictis
818 668 1168 729 exaequanda
1191 670 1345 734 sunt,
1382 666 1573 715 dehinc
1595 667 1721 728 quia
1744 666 2002 729 plerique,

257 766 402 816 quae
438 753 640 805 delicta
678 754 1120 822 reprehenderis,
1151 755 1530 805 malivolentia
1553 758 1609 805 et
1628 756 1835 805 invidia
1858 756 2005 806 dicta

253 845 454 905 putant
466 858 486 906 3
543 844 633 894 ubi
679 842 746 893 de
791 856 988 907 magna
1037 846 1245 893 virtute
1298 846 1459 905 atque
1512 842 1695 906 gloria
1744 841 2046 921 bonorumb

254 942 555 998 memores,
606 944 743 993 quae
777 933 882 981 sibi
919 934 1142 994 quisque
1178 931 1369 981 facilia
1405 934 1553 981 factu
1603 934 1784 997 putat,
1831 942 2005 993 aequo

257 1022 441 1069 animo
487 1022 717 1082 accipit,
773 1032 941 1082 supra
988 1032 1055 1069 ea
1102 1019 1275 1069 veluti
1323 1020 1452 1070 ficta
1490 1032 1590 1084 pro
1638 1006 1801 1069 falsis
1830 1020 2006 1069 ducit.

255 1108 369 1165 Sed
405 1119 509 1171 ego
546 1108 986 1157 adulescentulus
1031 1111 1189 1158 initio
1235 1111 1399 1158 sicuti
1437 1108 1684 1170 plerique
1718 1108 1898 1157 studio
1938 1110 2009 1158 ad

261 1198 378 1245 reni
429 1196 697 1258 publicam
748 1196 894 1246 latus
939 1210 1081 1259 suni,
1137 1198 1319 1260 ibique
1368 1198 1497 1246 mihi
1548 1196 1719 1247 multa
1772 1197 2009 1247 advorsa

257 1285 434 1333 fuere.
503 1286 640 1335 Nam
674 1297 774 1347 pro
811 1285 1048 1351 pudore,
1099 1298 1198 1347 pro
1237 1286 1592 1353 abstinentia,
1643 1298 1741 1347 pro
1783 1287 2005 1353 virtute,
2019 1281 2085 1333 10

257 1371 510 1436 audacia,
546 1370 788 1439 largitio,
827 1368 1063 1424 avaritia
1097 1376 1373 1437 vigebant.
1444 1370 1597 1437 Quae
1634 1374 1849 1423 tametsi
1884 1374 2009 1423 ani-

259 1472 381 1510 mus
407 1463 816 1527 aspernabatur,
855 1462 1100 1513 insolens
1123 1462 1387 1513 malarum
1410 1464 1626 1530 artium,
1660 1465 1841 1512 tamen
1862 1462 2010 1524 inter

259 1552 416 1599 tanta
439 1550 580 1599 vitia
613 1550 872 1600 inbecilla
907 1555 1062 1601 aetas
1088 1552 1379 1601 ambitione
1404 1556 1663 1614 corrupta
1697 1552 2007 1601 tenebatur:

260 1650 330 1687 ac
371 1651 472 1701 me,
511 1650 668 1700 quom
706 1641 774 1689 ab
811 1638 1140 1701 reliquorum
1178 1640 1337 1689 malis
1371 1642 1611 1689 moribus
1648 1640 2010 1703 dissentirem,

259 1726 434 1776 nihilo
471 1730 644 1775 minus
691 1728 914 1775 hon-oris
965 1730 1157 1790 cupido
1206 1723 1396 1777 eadem
1443 1739 1547 1791 qua
1596 1732 1812 1777 ceteros
1859 1721 2005 1775 fama
2020 1726 2084 1777 15

261 1818 431 1875 atque
468 1811 674 1861 invidia
710 1816 962 1862 vexabat.
1774 1804 1779 1808 ’

368 1900 423 1949 4.
463 1902 639 1966 Igitur
663 1901 752 1950 ubi
777 1902 988 1950 animus
1012 1914 1080 1951 ex
1104 1901 1288 1951 multis
1312 1902 1547 1952 miseriis
1570 1905 1731 1966 atque
1754 1903 2013 1965 periculis

261 1993 537 2053 requievit
574 1994 630 2039 et
664 1989 794 2039 mihi
832 1989 1091 2052 reliquam
1130 1995 1365 2040 aetatem
1402 2003 1437 2040 a
1470 2003 1535 2041 re
1568 1991 1786 2053 publica
1822 1992 2035 2056 procul⁸

261 2079 559 2130 habendam
603 2081 856 2145 decrevi,
909 2091 1012 2128 non
1061 2080 1168 2129 fuit
1215 2079 1500 2134 consilium
1552 2080 1808 2130 socordia
1852 2086 2015 2142 atque

263 2167 475 2217 desidia
510 2170 703 2218 bonum
739 2170 907 2217 otium
943 2174 1234 2218 conterere
1244 2182 1262 2231 3
1298 2179 1644 2230 nequesvero
1682 2181 1872 2232 agrum
1911 2181 2009 2217 co-
2024 2167 2091 2219 20

263 2256 430 2306 lendo
467 2259 562 2305 aut
593 2257 857 2319 venando,
893 2256 1186 2306 servilibus
1225 2257 1440 2319 officiiS,
1479 2258 1745 2306 intentum
1782 2259 2015 2306 aetatem

265 2357 468 2408 agere3
525 2345 619 2394 sed
661 2359 694 2395 a
731 2357 834 2406 quo
873 2346 1090 2406 incepto
1135 2345 1421 2406 studioque
1466 2357 1555 2394 me
1603 2347 1823 2394 ambitio
1871 2343 2017 2395 mala

268 2433 609 2496 detinuerat,
663 2435 850 2481 eodem
901 2445 1192 2496 regressus
1239 2435 1408 2483 statui
1457 2445 1547 2482 res
1592 2437 1781 2497 gestas
1829 2431 2017 2495 populi

269 2519 500 2567 Romani
523 2521 765 2582 carptim,
804 2523 863 2569 ut
898 2533 1140 2582 quaeque
1175 2521 1441 2570 memoria
1476 2521 1642 2584 digna
1676 2522 2015 2583 videbantur,

265 2607 644 2670 perscribere3
681 2619 748 2655 eo
789 2609 978 2670 magis,
1015 2609 1151 2671 quod
1189 2611 1315 2658 milii
1353 2622 1387 2657 a
1421 2621 1535 2674 spe,
1570 2613 1734 2669 metu,
1772 2610 2090 2670 partibus25

265 2696 352 2746 rei
390 2695 642 2756 publicae
678 2695 886 2744 animus
921 2695 1061 2745 liber
1085 2703 1219 2746 erat.
1278 2697 1453 2760 Igitur
1490 2697 1557 2745 de
1580 2694 1849 2744 Catilinae
1886 2708 2017 2744 con-

264 2785 540 2834 iuratione
581 2795 738 2847 quam
772 2784 1076 2834 verissume
1110 2789 1300 2847 potero
1335 2787 1525 2847 paucis
1548 2784 1856 2835 absolvam:
1894 2796 2016 2833 nam

371 3061 406 3100 1.
437 3061 628 3111 sequatur*
648 3060 700 3100 V.
727 3081 776 3089 --
803 3067 1002 3100 auctorem
1027 3061 1078 3100 K.
1104 3082 1154 3091 —
1198 3062 1236 3100 3.
1265 3065 1357 3098 sune
1383 3060 1643 3110 exaequanda
1668 3061 1717 3100 V.
1742 3060 1795 3099 K.
1824 3080 1873 3087 —
1908 3059 1947 3097 5.
1979 3063 2019 3097 ee

266 3129 397 3177 yla-ia
435 3128 487 3166 K.
519 3150 567 3157 —
615 3130 653 3167 8.
695 3141 720 3166 a
753 3130 882 3168 studio
919 3131 965 3168 V.
992 3151 1042 3158 —
1093 3131 1132 3168 9.
1174 3129 1327 3166 delam
1364 3129 1416 3168 V.
1444 3149 1490 3156 —
1530 3128 1702 3166 advorsa
1741 3128 1863 3166 nialla
1888 3128 1941 3166 K.
1969 3148 2018 3156 —-

269 3197 328 3235 11.
356 3195 554 3244 larya‘eudo
579 3197 629 3234 V.
656 3218 704 3225 —
755 3198 816 3234 14.
845 3197 894 3235 ab
919 3198 1084 3247 reliquis
1112 3195 1161 3237 V.
1191 3197 1242 3235 K.
1295 3197 1449 3235 rii-mat
1476 3196 1525 3234 ab
1558 3197 1797 3248 reliquorum
1823 3195 2020 3234 claudius

271 3264 474 3304 Sacerdos
508 3277 550 3314 p.
573 3265 637 3303 23.
666 3285 714 3292 —
766 3265 824 3304 ¹5.
854 3265 1015 3312 eadem,
1051 3277 1156 3315 quae
1179 3265 1230 3306 V.
1261 3264 1473 3316 eademque
1498 3277 1601 3316 quae
1624 3265 1678 3302 K.
1705 3286 1755 3294 -
1802 3263 1864 3305 21.
1892 3265 2023 3308 inem·

270 3339 352 3372 tam
379 3333 427 3371 V.
457 3351 506 3362 —
555 3331 616 3372 25.
644 3343 764 3380 eoque
788 3333 839 3373 V.
