2525 3925
540 349 651 400 246
1092 343 1452 397 ΕΡΙΤΟΜΔΕ
1489 345 1550 396 Τ.
1586 347 1771 396 mvn

540 495 777 558 protexit
810 494 973 559 filius,
1006 495 1099 555 qui
1131 466 1380 542 Africani
1415 497 1610 557 postea
1643 505 1836 542 nomen
1875 495 2114 556 accepit.
2176 497 2302 546 Ite-

540 597 769 646 rumque
798 584 1045 632 exercitu
1068 583 1314 631 Romano
1349 584 1416 632 ad
1453 585 1649 632 numen
1687 583 1936 632 Trebiam
1974 581 2106 632 fuso
2138 583 2370 632 Han-⁵³⁶

542 673 691 722 nibal
714 675 1051 734 Apenninum
1078 683 1322 733 quoque,
1358 683 1458 733 per
1479 683 1733 733 magnam
1767 669 1998 719 militum
2029 675 2300 722 vexatio-

542 771 667 810 nem
702 760 925 824 propter
960 761 1069 808 vim
1106 762 1480 820 tempestatum
1499 793 1514 823 ‚
1558 761 1791 809 transm.
1863 757 1961 808 Cn.
1999 753 2300 810 Cornelius

503 847 735 912 5Scipio
778 851 835 898 in
882 843 1141 910 Hispania
1186 853 1378 896 contra
1422 848 1634 898 Poenos
1687 860 1950 910 prospere
2003 851 2298 914 pugnavit,

544 939 681 988 duce
709 939 941 988 hostium
976 939 1211 999 Magone
1248 938 1426 996 capto.

1182 1063 1370 1111 Libe
1392 1075 1420 1110 r
1473 1063 1640 1111 xxu.

648 1155 921 1206 Hannibal
958 1166 1057 1218 per
1104 1156 1388 1205 continuas
1434 1155 1655 1220 vigilias
1694 1158 1750 1205 in
1788 1156 2081 1218 paludibus
2132 1157 2295 1207 oculo

548 1248 746 1296 amisso
783 1245 935 1295 venit
975 1245 1031 1292 in
1066 1244 1338 1293 Etruriam
1358 1261 1378 1309 3
1425 1257 1523 1306 per
1565 1257 1697 1308 quas
1732 1245 1958 1307 paludes
2001 1249 2295 1309 quatriduo

482 1338 602 1392 10et
647 1336 819 1384 tribus
864 1333 1111 1382 noctibus
1153 1334 1272 1380 sine
1312 1333 1426 1382 ulla
1465 1335 1654 1394 requie
1689 1335 1794 1383 iter
1834 1335 1986 1384 fecit.
2061 1333 2124 1384 C.
2162 1335 2294 1384 Fia-

546 1423 745 1471 minius
784 1420 1009 1486 consul‚
1048 1421 1208 1470 homo
1246 1425 1570 1471 temerarius
1580 1457 1602 1488 ,
1646 1426 1834 1472 contra
1870 1425 2130 1486 auspicia
2165 1437 2294 1486 pro-

546 1513 755 1576 fectus,
805 1510 978 1574 signis
1014 1507 1340 1561 militaribus
1377 1507 1589 1559 effossis
1633 1522 1772 1572 quae
1821 1511 1944 1560 tolli
1987 1526 2098 1561 non
2138 1520 2294 1574 pote-

543 1603 688 1665 rant,
725 1601 779 1650 et
818 1601 885 1649 ab
923 1611 1062 1661 equo
1100 1612 1255 1662 quem
1289 1597 1684 1648 conscenderat
1717 1611 1816 1660 per
1855 1607 2018 1662 caput
2054 1601 2293 1650 devolu-

545 1693 652 1755 tus,
692 1686 904 1740 insidiis
938 1688 1004 1738 ab
1030 1687 1335 1738 Hannibale
1373 1688 1775 1737 circumventus
1811 1690 1878 1737 ad
1909 1690 2356 1739 Trasimenumssr

472 1782 535 1832 15
554 1778 737 1828 lacum
774 1790 891 1826 cum
931 1776 1175 1826 exercitu
1213 1789 1406 1826 caesus
1443 1781 1543 1826 est.
1617 1777 1726 1825 Sex
1750 1776 1900 1827 milia
1926 1789 2068 1840 quae
2096 1791 2295 1841 erupe-

543 1872 687 1933 rant,
729 1867 832 1916 fide
867 1869 934 1916 ab
963 1858 1279 1914 Maharbale
1317 1866 1460 1929 data,
1498 1864 1720 1926 perfidia
1744 1867 2070 1916 Hannibalis
2107 1869 2298 1916 vincta

546 1963 687 2008 sunt.
764 1952 892 2005 Cum
918 1955 984 2004 ad
1011 1955 1253 2003 nuntium
1293 1951 1464 2003 cladis
1491 1955 1695 2003 Romae
1729 1952 1910 2003 luctus
1947 1958 2118 2019 esset,
2158 1957 2294 2005 duae

545 2050 745 2095 matres
780 2057 849 2092 ex
884 2046 1161 2105 insperato
1198 2046 1432 2104 receptis
1467 2042 1594 2091 filiis
1629 2042 1828 2107 gaudio
1865 2047 2117 2094 mortuae
2152 2050 2294 2093 sunt.

547 2133 628 2182 ob
663 2132 801 2179 hanc
836 2130 1043 2179 cladem
1078 2142 1147 2177 ex
1182 2130 1468 2191 Sibyllinis
1503 2129 1660 2180 libris
1716 2144 1818 2179 ver
1844 2144 2060 2181 sacrum
2090 2137 2293 2181 votum.

472 2217 683 2275 zocum
722 2219 913 2266 deinde
952 2214 1015 2280 Q.
1039 2218 1239 2268 Fabius
1265 2220 1534 2267 Maximus
1571 2220 1807 2267 dictator
1843 2220 2114 2269 adversus
2145 2221 2294 2269 Han-

544 2305 782 2358 nibalem
817 2308 1011 2355 missus
1046 2304 1219 2356 nollet
1258 2309 1376 2356 acie
1421 2321 1544 2357 cum
1584 2321 1649 2357 eo
1687 2309 2002 2370 confligere,
2045 2321 2116 2358 ne
2156 2322 2293 2359 con—

486 2454 500 2460 ,
549 2398 635 2447 tra
666 2394 911 2445 ferocem
947 2398 1029 2444 tot
1060 2396 1312 2444 victoriis
1347 2397 1549 2444 hostem
1576 2398 1820 2445 territum
1846 2396 2098 2445 adversis
2127 2411 2294 2458 proe-

544 2483 637 2535 liis
670 2482 897 2533 militem
930 2495 1143 2546 pugnae
1188 2484 1578 2547 committeret,
1614 2486 1668 2533 et
1705 2486 2032 2545 opponendo
2071 2498 2135 2533 se
2168 2489 2296 2535 tan-

546 2574 828 2625 tummodo
877 2577 1104 2621 conatus
1150 2570 1471 2621 Hannibalis
1521 2572 1829 2635 impediret,
1898 2573 1972 2619 M.
2016 2576 2296 2623 Minucius

472 2663 537 2717 25
552 2664 809 2725 magister
869 2663 1139 2725 equitum,
1206 2664 1368 2711 ferox
1427 2663 1484 2710 et
1544 2662 1898 2729 temerarius,
1956 2662 2297 2712 criminando

545 2754 874 2802 dictatorem
928 2752 1196 2812 tamquam
1250 2760 1472 2809 segnem
1529 2747 1586 2797 et
1637 2751 1908 2812 timidum,
1963 2748 2179 2817 effecit,
2236 2738 2308 2801 ut'

545 2838 734 2902 populi
804 2839 954 2888 iussu
1036 2841 1362 2898 aequaretur
1438 2837 1490 2886 ei
1567 2850 1688 2886 cum
1761 2836 2026 2889 dictatore
2106 2840 2292 2901 impe-

546 2928 722 2989 rium3
795 2926 1077 2987 divisoque
1144 2928 1427 2992 exercitu,
1489 2937 1608 2974 cum
1667 2926 1851 2986 iniquo
1909 2924 2040 2975 loco
2099 2930 2295 2977 confli-

548 3014 720 3063 xisset
772 3017 827 3063 et
878 3016 935 3062 in
986 3015 1217 3062 maximo
1265 3012 1578 3063 discrimine
1619 3012 1866 3077 legiones
1917 3014 2037 3064 eius
2087 3023 2296 3083 essent,

476 3110 542 3161 30
555 3102 975 3163 superveniente
1026 3112 1145 3151 cum
1190 3102 1438 3168 exercitu
1487 3100 1656 3152 Fabio
1694 3104 1929 3151 Maximo
1975 3103 2295 3154 discrimine

549 3188 813 3240 liberatus
844 3193 947 3239 est.
1020 3185 1139 3254 Quo
1176 3190 1438 3239 beneficio
1464 3190 1646 3240 victus
1683 3194 1867 3240 castra.
1903 3202 2020 3241 cum
2060 3204 2129 3242 eo
2166 3194 2292 3241 iun-

646 3348 688 3387 θ.
721 3344 929 3396 Magone]
962 3344 1252 3397 Corrigendum
1278 3342 1471 3385 Hannone
1495 3358 1548 3385 ex
1571 3346 1682 3387 Livii
1703 3346 1770 3395 ¹1,
1795 3344 1863 3387 θῦ-
