2525 3925
587 286 662 337 42
1127 282 1184 335 C.
1223 282 1522 333 SALUSTI
1556 278 1783 331 cmsm

591 442 647 484 et
681 438 854 483 morte
896 432 1168 494 disseruit,
1209 431 1371 481 credo
1407 428 1551 479 falsa
1588 428 1917 477 existumans
1954 436 2047 488 ea,
2083 436 2233 487 quae
2276 426 2351 473 de

589 523 784 573 inferis
813 523 1211 585 memorantur,
1247 518 1469 567 divorso
1505 518 1703 567 itinere
1740 513 1911 564 malos
1946 527 1980 564 a
2016 514 2175 562 bonis
2209 513 2347 563 loca

591 613 794 671 taetra,
830 609 1053 673 inculta,
1090 608 1252 658 foeda
1288 610 1451 668 atque
1488 604 1840 654 formidolosa
1872 604 2083 653 habere.
2138 604 2347 665 Itaque

592 702 804 751 censuit
839 700 1100 761 pecunias
1139 708 1323 769 eorum
1359 694 1741 756 publicandas,
1782 696 1935 754 ipsos
1966 704 2066 753 per
2098 693 2347 740 munici-

550 788 580 840 5
596 791 686 851 pia
709 790 764 837 in
791 788 1051 837 custodiis
1076 786 1352 836 habendos
1366 798 1385 847 3
1422 782 1681 831 videlicet
1706 782 1915 843 timens,
1940 792 2026 843 ne,
2050 782 2098 829 si
2122 780 2345 829 Romae

589 879 726 941 sint,
777 880 871 925 aut
907 887 942 923 a
973 873 1323 936 popularibus
1362 872 1751 922 coniurationis
1786 872 1881 919 aut
1916 882 1950 919 a
1984 868 2343 919 multitudine

593 964 860 1015 conducta
898 974 997 1023 per
1042 963 1152 1011 vim
1203 962 1521 1023 eripiantur.
1594 956 1761 1023 Quasi
1810 970 1947 1009 vero
1992 958 2125 1007 mali
2171 963 2343 1019 atque

591 1052 818 1102 scelesti
853 1048 1220 1100 tautummodo
1256 1050 1315 1097 in
1354 1049 1485 1099 urbe
1520 1052 1575 1099 et
1610 1058 1718 1097 non
1760 1058 1859 1109 per
1906 1048 2075 1097 totam
2113 1046 2339 1096 ltaliam

592 1142 720 1206 sint,
755 1142 848 1189 aut
872 1150 979 1187 non
1004 1139 1077 1188 ibi
1103 1138 1226 1199 plus
1249 1138 1421 1199 possit
1442 1136 1699 1201 audacia,
1734 1137 1824 1185 ubi
1846 1135 1915 1185 ad
1940 1134 2344 1185 defendendum

519 1232 728 1291 100pes
752 1228 984 1277 minores
1003 1230 1145 1275 sunt.
1199 1222 1381 1289 Quare
1406 1238 1603 1277 vanum
1626 1224 1872 1289 equidem
1908 1227 2011 1274 hoc
2046 1224 2337 1274 eonsilium

591 1321 702 1384 est,
749 1314 798 1365 si
836 1315 1132 1377 periculum
1169 1314 1385 1364 exrillis
1421 1316 1635 1377 metuit3
1690 1316 1776 1364 sin
1810 1316 1867 1363 in
1912 1317 2060 1363 tanto
2098 1314 2338 1363 omnium

591 1410 736 1456 metu
767 1405 918 1455 solus
954 1414 1061 1453 non
1113 1406 1292 1468 timet,
1348 1416 1414 1452 eo
1462 1406 1635 1467 magis
1678 1404 1853 1453 refert
1884 1414 1969 1451 me
2006 1402 2137 1451 milii
2174 1404 2337 1464 atque

592 1495 746 1545 vobis
797 1496 1005 1543 timere.
1076 1489 1256 1555 Quare
1309 1482 1464 1554 quom
1518 1491 1584 1541 de
1633 1492 1693 1541 P.
1744 1490 1975 1541 Lentulo
2022 1492 2337 1553 ceterisque

593 1585 858 1647 statuetis,
898 1594 997 1645 pro
1023 1585 1172 1631 certo
1195 1582 1466 1647 habetote,
1502 1594 1605 1630 vos
1628 1580 1785 1629 simul
1812 1581 1879 1629 de
1904 1582 2151 1630 exercitu
2180 1578 2337 1630 Gati-

519 1669 742 1723 15linae
777 1678 834 1721 et
870 1669 938 1721 de
975 1672 1219 1721 omnibus
1255 1671 1553 1721 coniuratis
1596 1671 1909 1719 decernere.
1979 1665 2197 1732 Quanto
2235 1682 2337 1720 vos

592 1763 854 1811 attentius
889 1772 956 1809 ea
993 1763 1186 1826 agetis,
1223 1763 1377 1810 tanto
1414 1758 1529 1808 illis
1567 1760 1775 1808 animus
1810 1758 2073 1809 infirmior
2108 1760 2218 1807 erit
2229 1773 2251 1821 3
2290 1760 2337 1809 si

593 1850 890 1911 paullulum
930 1848 1086 1899 modo
1124 1862 1224 1899 vos
1259 1848 1527 1913 languere
1564 1848 1830 1914 viderint,
1880 1850 1989 1897 iam
2024 1858 2211 1897 omnes
2250 1848 2337 1899 fe-

592 1950 752 1988 roces
775 1938 1022 1988 aderunt.
1073 1938 1259 1988 Nolite
1284 1920 1630 2004 existumare,
1664 1940 1899 1988 maiores
1920 1941 2143 1989 nostros
2170 1939 2338 1989 armis

593 2038 708 2076 rem
745 2026 1016 2088 publicam
1035 2038 1103 2074 ex
1125 2037 1299 2088 parva
1323 2038 1571 2090 magnam
1596 2027 1813 2078 fecisse.
1867 2029 1927 2078 si
1950 2029 2029 2078 ita
2052 2039 2143 2077 res
2168 2032 2337 2092 esset,

518 2113 763 2171 20multo
799 2112 1230 2176 pulcherrumam
1268 2125 1384 2163 eam
1421 2127 1523 2165 nos
1546 2103 1865 2166 haberemus
1876 2131 1893 2179 ς
1929 2117 2122 2180 quippe
2147 2117 2339 2167 socio-

593 2215 710 2254 rum
743 2204 904 2266 atque
938 2203 1166 2266 civium,
1223 2205 1515 2266 praeterea
1562 2215 1828 2255 armorum
1874 2208 2035 2269 atque
2072 2217 2338 2268 equorum

593 2293 768 2342 maior
802 2293 957 2342 nobis
987 2293 1143 2354 copia
1180 2303 1337 2354 quam
1372 2291 1489 2341 illis
1518 2296 1617 2342 est.
1690 2293 1797 2343 Sed
1836 2295 1947 2345 alia
1982 2296 2157 2359 fuere,
2196 2307 2337 2358 quae

591 2381 722 2431 illos
755 2392 982 2445 magnos
1011 2382 1230 2448 fecere,
1284 2393 1421 2445 quae
1468 2383 1623 2432 nobis
1656 2383 1823 2433 nulla
1862 2387 2015 2448 sunt,
2068 2385 2211 2434 domi
2244 2385 2337 2434 in-

593 2471 828 2533 dustria,
866 2471 1002 2520 foris
1036 2471 1236 2521 iustum
1280 2473 1587 2536 imperium,
1640 2473 1849 2522 animus
1894 2473 1951 2522 in
1998 2473 2339 2526 consulendo

517 2557 764 2625 251iber‚
818 2571 992 2623 neque
1041 2560 1242 2611 delicto
1278 2570 1451 2623 neque
1488 2560 1714 2612 lubidini
1748 2563 2031 2614 obnoxius.
2103 2563 2209 2614 Pro
2250 2565 2339 2614 liis

590 2661 692 2700 nos
726 2647 984 2700 habemus
1016 2648 1288 2699 luxuriam
1318 2652 1479 2713 atque
1511 2652 1829 2718 avaritiam,
1861 2651 2077 2713 publice
2110 2655 2339 2716 egesta·-

592 2744 728 2805 tem‚
758 2740 1012 2801 privatim
1047 2737 1407 2803 opulentiam3
1450 2739 1733 2791 laudamus
1768 2741 2020 2805 divitias,
2056 2743 2337 2804 sequimur

590 2827 874 2892 inertiam3
923 2828 1066 2877 inter
1099 2829 1271 2879 bonos
1322 2830 1380 2878 et
1426 2828 1599 2879 malos
1644 2829 1937 2880 discrimen
1970 2829 2177 2882 nullum
2214 2837 2337 2900 est3

591 2917 772 2965 omnia
803 2917 1026 2966 virtutis
1061 2919 1303 2979 praemia
1336 2918 1557 2968 ambitio
1590 2918 1849 2982 possidet,
1883 2919 2073 2984 Neque
2104 2923 2335 2976 mirumt

690 3147 726 3188 1.
757 3149 968 3186 mein-am
992 3147 1040 3188 V.
1067 3170 1116 3180 —
1151 3149 1188 3188 4.
1219 3153 1257 3189 ee
1281 3151 1389 3199 ipsos
1412 3149 1459 3190 V.
1489 3173 1537 3183 -
1562 3153 1621 3190 11.
1649 3154 1687 3190 n·
1710 3153 1753 3191 θη
1776 3151 1827 3194 V.
1857 3175 1904 3186 —-
1928 3152 1994 3194 η’.
2018 3167 2099 3195 om.
2126 3162 2185 3195 ese
2210 3157 2261 3198 Κ.
2284 3181 2335 3192 -

589 3215 654 3257 18.
691 3215 899 3269 emesan]
949 3219 1156 3268 impu-iim
1193 3219 1242 3259 V.
1288 3239 1333 3250 -
1394 3219 1541 3260 uuam
1579 3225 1639 3260 eac
1676 3221 1937 3274 [antimo]
1974 3224 2075 3265 cod.
2113 3226 2242 3266 Basil.
2280 3227 2334 3270 V.

590 3285 736 3326 naam
759 3285 812 3327 K.
839 3286 888 3327 6.

369 3484 1418 3888 *Ji*
1480 3622 2161 3888 Q
2480 3857 2495 3888 Α
