2525 3925
588 345 666 395 IN
700 341 762 393 11.
794 339 1119 393 SERGnJM
1154 337 1571 394 CATILINAM.
1849 341 1952 393 221

216 489 565 554 maritorum,
608 503 800 540 verum
836 491 1001 538 etiam
1040 490 1192 539 bonis
1230 489 1546 538 otiosorum.
1617 489 1824 551 nanee,
1865 490 1956 539 ubi

218 581 463 628 ostentes
500 569 652 628 illam
702 582 852 628 tuam
893 576 1234 638 praeclaram
1270 577 1590 638 patientiam
1633 577 1820 642 ramis,
1852 577 1956 626 fri·-

213 666 391 732 ›goris,
434 669 651 729 inopiae
684 673 869 716 'rerum
906 667 1159 731 omnium,
1207 665 1400 726 quibus
1437 667 1492 713 te
1527 665 1684 713 brevi
1721 668 1957 726 tempore

220 742 529 804 confectum
580 765 703 804 esse
752 755 971 804 senties·
1040 755 1272 804 Tantum
1322 753 1532 814 profeci
1578 754 1780 817 [tum],
1824 754 2031 809 ,cnm27

220 846 281 891 te
328 855 363 892 a
412 843 700 894 consulatu
738 843 978 908 reppuli,
1030 847 1093 891 ut
1142 842 1268 890 exul
1323 843 1498 901 potius
1551 842 1762 889 tentare
1797 853 1956 902 quam

218 930 418 980 consul
451 943 657 981 vexare
696 943 808 981 rem
844 931 1120 993 publicam
1158 941 1350 991 posses
1388 933 1554 992 atque
1591 931 1650 977 ut
1685 929 1766 993 id,
1817 929 1957 990 quod

220 1022 373 1068 esset
419 1021 517 1070 abs
566 1024 619 1069 te
664 1019 941 1069 scelerate
986 1025 1324 1080 susceptum,
1378 1017 1725 1067 latrocinium
1778 1017 1958 1079 potius

222 1119 383 1168 quam
424 1108 628 1158 bellum
669 1109 1059 1157 nominaretur.
1198 1107 1203 1114 '

324 1195 417 1242 XI.
477 1195 663 1259 Nunc,
716 1200 777 1244 ut
824 1207 859 1244 a
906 1207 1024 1257 me,
1082 1199 1265 1255 patres
1315 1195 1636 1258 conscripti,
1695 1195 1956 1254 quandam

220 1293 394 1344 pro-pe
434 1283 630 1332 iustam
674 1284 886 1344 patriae
930 1283 1322 1344 querimoniam
1363 1282 1604 1330 detester
1649 1293 1718 1330 ac
1763 1282 1960 1342 depre-

223 1382 350 1437 cer,
394 1373 691 1434 percipite,
738 1383 975 1438 quaeso,
1023 1369 1348 1436 diligenter,
1387 1381 1526 1431 quae
1561 1371 1760 1430 dicam,
1799 1375 1858 1420 et
1893 1382 1960 1420 ea

220 1461 441 1522 penitus
487 1460 681 1508 animis
727 1459 931 1508 vestris
978 1460 1352 1520 mentibusque
1392 1457 1656 1508 mandate.
1728 1457 1960 1524 Etenim,

221 1550 274 1597 si
309 1559 515 1596 mecum
554 1548 747 1612 patria,
784 1558 921 1608 quae
962 1548 1090 1596 mihi
1128 1548 1245 1596 vita
1280 1559 1400 1595 mea
1436 1545 1604 1596 multo
1639 1549 1726 1596 cst
1762 1549 1959 1608 carior,

220 1639 272 1685 si
296 1638 492 1684 cuncta
510 1633 690 1698 Italia,
716 1639 763 1684 si
786 1637 956 1684 omnis
980 1646 1071 1684 res
1094 1634 1312 1697 publica
1334 1634 1618 1696 loquatur:
1657 1637 1774 1682 «Μ.
1795 1632 1980 1693 Tulli„

224 1727 354 1786 quid
380 1725 499 1787 agis
515 1715 543 1770 ’ἒ
582 1727 707 1772 tune
732 1735 869 1786 eum,
897 1734 1051 1784 quem
1072 1733 1197 1771 esse
1217 1723 1423 1770 hostem
1442 1724 1776 1784 comperisti,
1803 1733 1960 1782 quem

224 1815 417 1862 ducem
454 1811 586 1862 belli
622 1814 866 1860 futurum
901 1810 1088 1876 vides,
1122 1821 1280 1872 quem
1315 1812 1626 1870 exspectari
1659 1811 1963 1870 imperato-

221 1913 335 1950 rem
376 1902 433 1948 in
468 1902 665 1949 castris
701 1900 935 1948 hostium
968 1899 1159 1962 sentis,
1198 1899 1478 1946 auctorem
1515 1897 1764 1962 sceleriS,
1809 1898 1964 1958 prin—

224 1992 397 2052 cipem
448 1990 868 2049 coniurationiS,
922 1991 1272 2037 evocatorem
1325 1998 1610 2036 servorum
1659 1991 1716 2036 et
1765 1986 1961 2035 civium

223 2079 577 2142 perditorum,
612 2079 763 2125 exire
788 2077 1014 2139 patiere,
1046 2078 1107 2125 ut
1129 2077 1227 2125 abs
1252 2080 1306 2125 te
1333 2085 1437 2125 non
1465 2076 1694 2125 emissus
1719 2088 1790 2124 ex
1815 2076 1964 2138 urbe,

234 2168 331 2215 sed
369 2167 639 2215 immissus
674 2168 729 2215 in
769 2166 954 2215 urbem
996 2176 1119 2213 esse
1166 2156 1465 2215 videatur?
1521 2176 1700 2213 nonne
1733 2162 1876 2213 hune
1907 2164 1962 2210 in

223 2254 449 2303 vincula
484 2255 625 2317 duci,
662 2265 775 2302 non
810 2255 877 2303 ad
913 2256 1145 2303 mortem
1182 2255 1323 2318 rapi,
1368 2264 1477 2302 non
1513 2264 1719 2302 summo
1755 2249 1964 2313 suppli-

227 2343 319 2391 cio
342 2343 572 2391 mactari
592 2343 885 2402 imperabis
902 2334 931 2389 ’ἒ
982 2337 1120 2402 Quid
1146 2342 1361 2389 tandem
1387 2344 1440 2389 te
1463 2342 1687 2402 impedit
1703 2332 1732 2387 ’ἓ
1775 2336 2033 2388 Mosne28

227 2420 541 2476 maiorum?
592 2428 666 2475 At
695 2440 957 2488 persaepe
987 2429 1153 2475 etiam
1185 2428 1391 2487 privati
1425 2428 1482 2474 in
1516 2428 1618 2475 hac
1650 2438 1712 2475 re
1748 2422 1964 2488 publica

225 2516 568 2579 perniciosos
606 2516 757 2563 cives
788 2518 962 2563 morte
998 2514 1310 2563 multarunt.
1382 2514 1469 2562 An
1502 2512 1678 2579 leges,
1723 2524 1862 2575 quae
1899 2513 1964 2559 de

225 2605 432 2655 civium
468 2604 833 2652 Romanorum
882 2600 1153 2663 supplicio
1205 2604 1432 2664 rogatae
1473 2594 1646 2651 sunt?
1715 2602 1790 2649 At
1824 2612 1964 2649 nun-

226 2705 387 2757 quam
413 2694 470 2740 in
497 2692 600 2741 hac
627 2692 759 2741 urbe
784 2692 844 2756 ii,
876 2694 967 2752 qui
991 2704 1025 2741 a
1050 2702 1109 2740 re
1143 2690 1359 2753 publica
1383 2690 1722 2751 defecerunt,
1761 2689 1964 2738 civium

326 2892 355 2943 S
396 2894 461 2933 27.
502 2899 580 2931 etan
604 2895 693 2931 sine
720 2893 835 2931 uncis
870 2891 922 2930 K.
962 2913 1008 2921 —
1048 2903 1216 2941 quaeso,
1250 2892 1452 2941 percipite
1488 2890 1541 2929 K.
1585 2913 1628 2920 -
1667 2896 1725 2927 eet
1759 2892 1843 2928 vila
1879 2902 1966 2928 mea

225 2962 345 3001 nuato
372 2962 423 3003 K.
450 2982 499 2990 -
532 2962 593 2999 sic
626 2961 806 3012 loquatur
830 2960 1064 3011 Madvigius
1090 2972 1140 2997 ex
1168 2958 1334 3005 Quintil.
1361 2960 1403 3007 9,
1429 2959 1469 3005 2,
1495 2958 1560 2997 32.

326 3130 363 3185 §.
390 3132 454 3171 28.
492 3130 613 3183 leyen]
652 3130 837 3171 Valeriae
874 3136 917 3170 et
950 3132 1111 3169 Porcia.
1164 3130 1255 3179 „R
1287 3129 1473 3168 Valerius
1497 3126 1710 3167 Publicola
1745 3128 1888 3168 consul
1922 3139 1959 3167 a.

226 3202 316 3239 245.
332 3226 346 3247 ,
382 3199 512 3249 legem
540 3200 591 3237 ad
615 3200 809 3251 populum
848 3199 942 3238 tulit
976 3210 1063 3237 eam
1076 3226 1091 3247 ‚
1132 3210 1236 3248 quae
1262 3198 1498 3237 centuriatis
1525 3198 1704 3235 comitiis
1729 3198 1857 3248 prima
1881 3196 1964 3235 lata

229 3274 311 3314 est,
337 3280 389 3306 ne
414 3268 506 3316 quis
530 3268 787 3317 magistratus
815 3269 945 3306 civem
970 3268 1196 3306 Romanum
1222 3267 1420 3306 adversus
1443 3266 1777 3317 provocationem
1803 3270 1965 3303 necaret

229 3348 337 3375 neve
361 3338 604 3375 verberaret
660 3336 747 3376 eie.
771 3336 821 3374 de
846 3336 947 3386 Rep.
978 3337 1017 3383 2,
1044 3337 1106 3375 81.
1139 3336 1229 3375 Liv.
1256 3336 1298 3384 2,
1325 3336 1364 3375 8.
1403 3335 1552 3374 Postea
1577 3334 1624 3375 L.
1655 3333 1810 3374 Valerii
1836 3332 1965 3371 Potiti
