<?xml version="1.0" encoding="UTF-8"?>
<!DOCTYPE html PUBLIC "-//W3C//DTD XHTML 1.0 Transitional//EN"
    "http://www.w3.org/TR/xhtml1/DTD/xhtml1-transitional.dtd">
<html xmlns="http://www.w3.org/1999/xhtml" xml:lang="en" lang="en">
 <head>
  <title>
</title>
<meta http-equiv="Content-Type" content="text/html;charset=utf-8" />
  <meta name='ocr-system' content='tesseract 3.04.00' />
  <meta name='ocr-capabilities' content='ocr_page ocr_carea ocr_par ocr_line ocrx_word'/>
</head>
<body>
  <div class='ocr_page' id='page_1' title='image "./catilinaetiugur00livygoog_0017.png"; bbox 0 0 2525 3925; ppageno 0'>
   <div class='ocr_carea' id='block_1_1' title="bbox 522 1010 1576 1250">
    <p class='ocr_par' dir='ltr' id='par_1_1' title="bbox 522 1010 1576 1250">
     <span class='ocr_line' id='line_1_1' title="bbox 706 1010 1506 1072; baseline -0.015 0"><span class='ocrx_word' id='word_1_1' title='bbox 706 1012 772 1072; x_wconf 79' lang='lat' dir='ltr'>c,</span> <span class='ocrx_word' id='word_1_2' title='bbox 816 1010 1122 1072; x_wconf 73' lang='lat' dir='ltr'>sAms‘rl</span> <span class='ocrx_word' id='word_1_3' title='bbox 1161 1010 1406 1071; x_wconf 77' lang='lat' dir='ltr'>clusm</span> <span class='ocrx_word' id='word_1_4' title='bbox 1503 1053 1506 1060; x_wconf 89' lang='lat'>.</span> 
     </span>
     <span class='ocr_line' id='line_1_2' title="bbox 522 1158 1576 1250; baseline -0.007 0"><span class='ocrx_word' id='word_1_5' title='bbox 522 1158 601 1250; x_wconf 82' lang='lat' dir='ltr'>C</span> <span class='ocrx_word' id='word_1_6' title='bbox 655 1163 751 1250; x_wconf 92' lang='lat' dir='ltr'>A</span> <span class='ocrx_word' id='word_1_7' title='bbox 805 1162 890 1249; x_wconf 82' lang='grc' dir='ltr'><strong>Τ</strong></span> <span class='ocrx_word' id='word_1_8' title='bbox 945 1162 1000 1250; x_wconf 92' lang='grc' dir='ltr'>Ι</span> <span class='ocrx_word' id='word_1_9' title='bbox 1053 1160 1140 1248; x_wconf 85' lang='lat' dir='ltr'>L</span> <span class='ocrx_word' id='word_1_10' title='bbox 1194 1161 1249 1249; x_wconf 92' lang='grc' dir='ltr'>Ι</span> <span class='ocrx_word' id='word_1_11' title='bbox 1303 1159 1401 1250; x_wconf 92' lang='lat' dir='ltr'>N</span> <span class='ocrx_word' id='word_1_12' title='bbox 1455 1162 1576 1247; x_wconf 89' lang='lat' dir='ltr'>A.</span> 
     </span>
    </p>
   </div>
   <div class='ocr_carea' id='block_1_2' title="bbox 181 1507 2014 3085">
    <p class='ocr_par' dir='ltr' id='par_1_2' title="bbox 181 1507 2014 2907">
     <span class='ocr_line' id='line_1_3' title="bbox 286 1507 1928 1578; baseline 0.002 -18"><span class='ocrx_word' id='word_1_13' title='bbox 286 1507 335 1562; x_wconf 85' lang='lat'>1.</span> <span class='ocrx_word' id='word_1_14' title='bbox 376 1513 561 1563; x_wconf 84' lang='lat' dir='ltr'>Omnis</span> <span class='ocrx_word' id='word_1_15' title='bbox 583 1512 861 1578; x_wconf 74' lang='lat' dir='ltr'>homines,</span> <span class='ocrx_word' id='word_1_16' title='bbox 897 1515 988 1578; x_wconf 83' lang='lat' dir='ltr'>qui</span> <span class='ocrx_word' id='word_1_17' title='bbox 1020 1527 1143 1564; x_wconf 84' lang='lat' dir='ltr'>sese</span> <span class='ocrx_word' id='word_1_18' title='bbox 1178 1513 1397 1566; x_wconf 84' lang='lat' dir='ltr'><strong>student</strong></span> <span class='ocrx_word' id='word_1_19' title='bbox 1421 1515 1702 1578; x_wconf 74' lang='lat' dir='ltr'>praestare</span> <span class='ocrx_word' id='word_1_20' title='bbox 1727 1515 1928 1568; x_wconf 87' lang='lat' dir='ltr'>ceteris</span> 
     </span>
     <span class='ocr_line' id='line_1_4' title="bbox 181 1600 1928 1670; baseline -0.001 -18"><span class='ocrx_word' id='word_1_21' title='bbox 181 1600 537 1663; x_wconf 79' lang='lat' dir='ltr'>animalibus,</span> <span class='ocrx_word' id='word_1_22' title='bbox 585 1613 791 1651; x_wconf 81' lang='lat' dir='ltr'>summa</span> <span class='ocrx_word' id='word_1_23' title='bbox 829 1615 931 1665; x_wconf 83' lang='lat' dir='ltr'>ope</span> <span class='ocrx_word' id='word_1_24' title='bbox 984 1605 1086 1652; x_wconf 90' lang='lat' dir='ltr'>niti</span> <span class='ocrx_word' id='word_1_25' title='bbox 1122 1605 1310 1670; x_wconf 84' lang='lat' dir='ltr'>decet,</span> <span class='ocrx_word' id='word_1_26' title='bbox 1360 1616 1432 1654; x_wconf 90' lang='lat' dir='ltr'>ne</span> <span class='ocrx_word' id='word_1_27' title='bbox 1484 1606 1655 1654; x_wconf 82' lang='lat' dir='ltr'>vitam</span> <span class='ocrx_word' id='word_1_28' title='bbox 1703 1604 1928 1654; x_wconf 85' lang='lat' dir='ltr'>silentio</span> 
     </span>
     <span class='ocr_line' id='line_1_5' title="bbox 187 1687 1930 1756; baseline 0 -16"><span class='ocrx_word' id='word_1_29' title='bbox 187 1691 471 1741; x_wconf 79' lang='lat' dir='ltr'>transeant</span> <span class='ocrx_word' id='word_1_30' title='bbox 503 1687 678 1738; x_wconf 76' lang='lat' dir='ltr'>veluti</span> <span class='ocrx_word' id='word_1_31' title='bbox 714 1702 936 1756; x_wconf 80' lang='lat' dir='ltr'>pecora,</span> <span class='ocrx_word' id='word_1_32' title='bbox 969 1703 1105 1753; x_wconf 83' lang='lat' dir='ltr'>quae</span> <span class='ocrx_word' id='word_1_33' title='bbox 1140 1693 1338 1742; x_wconf 76' lang='lat' dir='ltr'>natura</span> <span class='ocrx_word' id='word_1_34' title='bbox 1363 1705 1535 1756; x_wconf 82' lang='lat' dir='ltr'>prona</span> <span class='ocrx_word' id='word_1_35' title='bbox 1560 1694 1722 1756; x_wconf 79' lang='lat' dir='ltr'>atque</span> <span class='ocrx_word' id='word_1_36' title='bbox 1746 1693 1930 1742; x_wconf 85' lang='lat' dir='ltr'>ventri</span> 
     </span>
     <span class='ocr_line' id='line_1_6' title="bbox 188 1776 1931 1830; baseline 0 -2"><span class='ocrx_word' id='word_1_37' title='bbox 188 1777 493 1828; x_wconf 80' lang='lat' dir='ltr'>obedientia</span> <span class='ocrx_word' id='word_1_38' title='bbox 539 1776 708 1828; x_wconf 83' lang='lat' dir='ltr'>finxit.</span> <span class='ocrx_word' id='word_1_39' title='bbox 780 1781 889 1829; x_wconf 86' lang='lat' dir='ltr'>Sed</span> <span class='ocrx_word' id='word_1_40' title='bbox 945 1783 1133 1829; x_wconf 82' lang='lat' dir='ltr'>nostra</span> <span class='ocrx_word' id='word_1_41' title='bbox 1179 1782 1354 1830; x_wconf 83' lang='lat' dir='ltr'>omnis</span> <span class='ocrx_word' id='word_1_42' title='bbox 1399 1782 1489 1830; x_wconf 83' lang='lat' dir='ltr'>vis</span> <span class='ocrx_word' id='word_1_43' title='bbox 1533 1782 1592 1830; x_wconf 86' lang='lat' dir='ltr'>in</span> <span class='ocrx_word' id='word_1_44' title='bbox 1639 1782 1818 1830; x_wconf 81' lang='lat' dir='ltr'>animo</span> <span class='ocrx_word' id='word_1_45' title='bbox 1871 1781 1931 1828; x_wconf 74' lang='lat' dir='ltr'>et</span> 
     </span>
     <span class='ocr_line' id='line_1_7' title="bbox 190 1868 1970 1934; baseline 0.002 -19"><span class='ocrx_word' id='word_1_46' title='bbox 190 1877 414 1927; x_wconf 82' lang='lat' dir='ltr'>corpore</span> <span class='ocrx_word' id='word_1_47' title='bbox 448 1868 558 1914; x_wconf 83' lang='lat' dir='ltr'>sita</span> <span class='ocrx_word' id='word_1_48' title='bbox 597 1871 715 1931; x_wconf 61' lang='grc' dir='ltr'>εει)</span> <span class='ocrx_word' id='word_1_49' title='bbox 752 1869 916 1918; x_wconf 79' lang='lat' dir='ltr'>animi</span> <span class='ocrx_word' id='word_1_50' title='bbox 947 1868 1198 1934; x_wconf 84' lang='lat' dir='ltr'>imperio,</span> <span class='ocrx_word' id='word_1_51' title='bbox 1234 1869 1480 1930; x_wconf 79' lang='lat' dir='ltr'>corporis</span> <span class='ocrx_word' id='word_1_52' title='bbox 1502 1868 1729 1918; x_wconf 82' lang='lat' dir='ltr'>servitio</span> <span class='ocrx_word' id='word_1_53' title='bbox 1753 1868 1970 1930; x_wconf 82' lang='lat' dir='ltr'>magis5</span> 
     </span>
     <span class='ocr_line' id='line_1_8' title="bbox 186 1954 1932 2021; baseline 0.001 -15"><span class='ocrx_word' id='word_1_54' title='bbox 186 1957 419 2020; x_wconf 63' lang='lat' dir='ltr'>utimini-3</span> <span class='ocrx_word' id='word_1_55' title='bbox 474 1955 706 2007; x_wconf 82' lang='lat' dir='ltr'>alterum</span> <span class='ocrx_word' id='word_1_56' title='bbox 757 1958 915 2009; x_wconf 87' lang='lat' dir='ltr'>nobis</span> <span class='ocrx_word' id='word_1_57' title='bbox 963 1970 1083 2009; x_wconf 86' lang='lat' dir='ltr'>eum</span> <span class='ocrx_word' id='word_1_58' title='bbox 1136 1956 1251 2021; x_wconf 86' lang='lat' dir='ltr'>dis,</span> <span class='ocrx_word' id='word_1_59' title='bbox 1304 1956 1539 2009; x_wconf 78' lang='lat' dir='ltr'>alterum</span> <span class='ocrx_word' id='word_1_60' title='bbox 1587 1970 1707 2007; x_wconf 87' lang='lat' dir='ltr'>cum</span> <span class='ocrx_word' id='word_1_61' title='bbox 1757 1954 1932 2007; x_wconf 75' lang='lat' dir='ltr'>beluis</span> 
     </span>
     <span class='ocr_line' id='line_1_9' title="bbox 188 2042 1935 2111; baseline 0 -16"><span class='ocrx_word' id='word_1_62' title='bbox 188 2057 464 2095; x_wconf 84' lang='lat' dir='ltr'>commuue</span> <span class='ocrx_word' id='word_1_63' title='bbox 503 2048 603 2097; x_wconf 78' lang='lat' dir='ltr'>est.</span> <span class='ocrx_word' id='word_1_64' title='bbox 677 2042 798 2111; x_wconf 83' lang='lat' dir='ltr'>Quo</span> <span class='ocrx_word' id='word_1_65' title='bbox 846 2046 976 2097; x_wconf 89' lang='lat' dir='ltr'>mihi</span> <span class='ocrx_word' id='word_1_66' title='bbox 1027 2048 1236 2097; x_wconf 79' lang='lat' dir='ltr'>rectius</span> <span class='ocrx_word' id='word_1_67' title='bbox 1282 2048 1503 2097; x_wconf 80' lang='lat' dir='ltr'>videtur</span> <span class='ocrx_word' id='word_1_68' title='bbox 1547 2047 1734 2110; x_wconf 83' lang='lat' dir='ltr'>ingeni</span> <span class='ocrx_word' id='word_1_69' title='bbox 1776 2058 1935 2108; x_wconf 83' lang='lat' dir='ltr'>quam</span> 
     </span>
     <span class='ocr_line' id='line_1_10' title="bbox 186 2134 1934 2210; baseline -0.001 -27"><span class='ocrx_word' id='word_1_70' title='bbox 186 2136 381 2185; x_wconf 86' lang='lat' dir='ltr'>virium</span> <span class='ocrx_word' id='word_1_71' title='bbox 420 2134 613 2197; x_wconf 82' lang='lat' dir='ltr'>opibus</span> <span class='ocrx_word' id='word_1_72' title='bbox 658 2134 891 2199; x_wconf 83' lang='lat' dir='ltr'><strong>gloriam</strong></span> <span class='ocrx_word' id='word_1_73' title='bbox 940 2147 1201 2210; x_wconf 71' lang='lat' dir='ltr'>quaerere</span> <span class='ocrx_word' id='word_1_74' title='bbox 1239 2139 1324 2199; x_wconf 87' lang='lat' dir='ltr'>et,</span> <span class='ocrx_word' id='word_1_75' title='bbox 1372 2136 1628 2199; x_wconf 83' lang='lat' dir='ltr'>quoniam</span> <span class='ocrx_word' id='word_1_76' title='bbox 1663 2136 1778 2185; x_wconf 82' lang='lat' dir='ltr'>vita</span> <span class='ocrx_word' id='word_1_77' title='bbox 1815 2135 1934 2196; x_wconf 80' lang='lat' dir='ltr'>ipsa</span> 
     </span>
     <span class='ocr_line' id='line_1_11' title="bbox 186 2222 1936 2289; baseline -0.001 -17"><span class='ocrx_word' id='word_1_78' title='bbox 186 2236 287 2285; x_wconf 82' lang='lat' dir='ltr'>qua.</span> <span class='ocrx_word' id='word_1_79' title='bbox 322 2222 560 2272; x_wconf 81' lang='lat' dir='ltr'>fruimur</span> <span class='ocrx_word' id='word_1_80' title='bbox 591 2223 775 2275; x_wconf 81' lang='lat' dir='ltr'>brevis</span> <span class='ocrx_word' id='word_1_81' title='bbox 818 2226 933 2289; x_wconf 81' lang='lat' dir='ltr'>est,</span> <span class='ocrx_word' id='word_1_82' title='bbox 970 2226 1284 2277; x_wconf 79' lang='lat' dir='ltr'>memoriam</span> <span class='ocrx_word' id='word_1_83' title='bbox 1306 2226 1485 2275; x_wconf 83' lang='lat' dir='ltr'>nostri</span> <span class='ocrx_word' id='word_1_84' title='bbox 1508 2236 1665 2287; x_wconf 81' lang='lat' dir='ltr'>quam</span> <span class='ocrx_word' id='word_1_85' title='bbox 1688 2233 1936 2273; x_wconf 81' lang='lat' dir='ltr'>maxume</span> 
     </span>
     <span class='ocr_line' id='line_1_12' title="bbox 182 2310 2012 2377; baseline 0.001 -18"><span class='ocrx_word' id='word_1_86' title='bbox 182 2310 404 2377; x_wconf 83' lang='lat' dir='ltr'>longam</span> <span class='ocrx_word' id='word_1_87' title='bbox 430 2311 661 2363; x_wconf 82' lang='lat' dir='ltr'>efficere.</span> <span class='ocrx_word' id='word_1_88' title='bbox 718 2312 857 2363; x_wconf 86' lang='lat' dir='ltr'>Nam</span> <span class='ocrx_word' id='word_1_89' title='bbox 896 2313 1207 2363; x_wconf 74' lang='lat' dir='ltr'>divitiarum</span> <span class='ocrx_word' id='word_1_90' title='bbox 1235 2315 1292 2363; x_wconf 72' lang='lat' dir='ltr'>et</span> <span class='ocrx_word' id='word_1_91' title='bbox 1326 2314 1534 2364; x_wconf 77' lang='lat' dir='ltr'>formae</span> <span class='ocrx_word' id='word_1_92' title='bbox 1572 2310 1754 2375; x_wconf 71' lang='lat' dir='ltr'>gloria</span> <span class='ocrx_word' id='word_1_93' title='bbox 1787 2312 1930 2361; x_wconf 80' lang='lat' dir='ltr'>fluxa</span> <span class='ocrx_word' id='word_1_94' title='bbox 1946 2322 2012 2373; x_wconf 85' lang='lat'>10</span> 
     </span>
     <span class='ocr_line' id='line_1_13' title="bbox 185 2400 1937 2465; baseline 0 -16"><span class='ocrx_word' id='word_1_95' title='bbox 185 2406 349 2463; x_wconf 82' lang='lat' dir='ltr'>atque</span> <span class='ocrx_word' id='word_1_96' title='bbox 385 2400 603 2461; x_wconf 81' lang='lat' dir='ltr'>fragilis</span> <span class='ocrx_word' id='word_1_97' title='bbox 640 2403 741 2465; x_wconf 79' lang='lat' dir='ltr'>est,</span> <span class='ocrx_word' id='word_1_98' title='bbox 781 2402 953 2451; x_wconf 77' lang='lat' dir='ltr'>virtus</span> <span class='ocrx_word' id='word_1_99' title='bbox 990 2400 1145 2455; x_wconf 75' lang='lat' dir='ltr'>clara</span> <span class='ocrx_word' id='word_1_100' title='bbox 1174 2403 1506 2465; x_wconf 82' lang='lat' dir='ltr'>aeternaque</span> <span class='ocrx_word' id='word_1_101' title='bbox 1527 2401 1772 2451; x_wconf 82' lang='lat' dir='ltr'>habetur.</span> <span class='ocrx_word' id='word_1_102' title='bbox 1825 2400 1937 2449; x_wconf 80' lang='lat' dir='ltr'>Sed</span> 
     </span>
     <span class='ocr_line' id='line_1_14' title="bbox 184 2488 1936 2555; baseline 0 -19"><span class='ocrx_word' id='word_1_103' title='bbox 184 2490 271 2539; x_wconf 90' lang='lat' dir='ltr'>diu</span> <span class='ocrx_word' id='word_1_104' title='bbox 308 2501 567 2553; x_wconf 83' lang='lat' dir='ltr'>magnum</span> <span class='ocrx_word' id='word_1_105' title='bbox 602 2490 745 2539; x_wconf 83' lang='lat' dir='ltr'>inter</span> <span class='ocrx_word' id='word_1_106' title='bbox 778 2490 1031 2541; x_wconf 83' lang='lat' dir='ltr'>mortalis</span> <span class='ocrx_word' id='word_1_107' title='bbox 1069 2495 1346 2541; x_wconf 82' lang='lat' dir='ltr'>certamen</span> <span class='ocrx_word' id='word_1_108' title='bbox 1381 2490 1503 2555; x_wconf 80' lang='lat' dir='ltr'>fuit,</span> <span class='ocrx_word' id='word_1_109' title='bbox 1537 2490 1665 2539; x_wconf 85' lang='lat' dir='ltr'>vine</span> <span class='ocrx_word' id='word_1_110' title='bbox 1689 2488 1936 2550; x_wconf 85' lang='lat' dir='ltr'>corporis</span> 
     </span>
     <span class='ocr_line' id='line_1_15' title="bbox 182 2575 1937 2641; baseline -0.002 -13"><span class='ocrx_word' id='word_1_111' title='bbox 182 2590 249 2628; x_wconf 85' lang='lat' dir='ltr'>an</span> <span class='ocrx_word' id='word_1_112' title='bbox 289 2579 499 2629; x_wconf 78' lang='lat' dir='ltr'>virtute</span> <span class='ocrx_word' id='word_1_113' title='bbox 543 2580 707 2627; x_wconf 78' lang='lat' dir='ltr'>animi</span> <span class='ocrx_word' id='word_1_114' title='bbox 742 2592 833 2629; x_wconf 83' lang='lat' dir='ltr'>res</span> <span class='ocrx_word' id='word_1_115' title='bbox 872 2578 1128 2630; x_wconf 76' lang='lat' dir='ltr'>militaris</span> <span class='ocrx_word' id='word_1_116' title='bbox 1164 2580 1340 2641; x_wconf 79' lang='lat' dir='ltr'>magis</span> <span class='ocrx_word' id='word_1_117' title='bbox 1387 2578 1727 2641; x_wconf 81' lang='lat' dir='ltr'>procederet.</span> <span class='ocrx_word' id='word_1_118' title='bbox 1798 2575 1937 2625; x_wconf 83' lang='lat' dir='ltr'>Nam</span> 
     </span>
     <span class='ocr_line' id='line_1_16' title="bbox 183 2663 1938 2731; baseline -0.003 -15"><span class='ocrx_word' id='word_1_119' title='bbox 183 2672 237 2716; x_wconf 84' lang='lat' dir='ltr'>et</span> <span class='ocrx_word' id='word_1_120' title='bbox 286 2667 448 2729; x_wconf 83' lang='lat' dir='ltr'>prius</span> <span class='ocrx_word' id='word_1_121' title='bbox 504 2679 661 2729; x_wconf 78' lang='lat' dir='ltr'>quam</span> <span class='ocrx_word' id='word_1_122' title='bbox 711 2668 945 2729; x_wconf 78' lang='lat' dir='ltr'>incipias</span> <span class='ocrx_word' id='word_1_123' title='bbox 999 2667 1282 2729; x_wconf 73' lang='lat' dir='ltr'>consulto,</span> <span class='ocrx_word' id='word_1_124' title='bbox 1344 2668 1399 2717; x_wconf 79' lang='lat' dir='ltr'>et</span> <span class='ocrx_word' id='word_1_125' title='bbox 1449 2667 1542 2716; x_wconf 87' lang='lat' dir='ltr'>ubi</span> <span class='ocrx_word' id='word_1_126' title='bbox 1594 2663 1938 2731; x_wconf 81' lang='lat' dir='ltr'>consulueris</span> 
     </span>
     <span class='ocr_line' id='line_1_17' title="bbox 181 2752 2014 2818; baseline -0.002 -13"><span class='ocrx_word' id='word_1_127' title='bbox 181 2759 401 2806; x_wconf 81' lang='lat' dir='ltr'>mature</span> <span class='ocrx_word' id='word_1_128' title='bbox 436 2756 583 2805; x_wconf 82' lang='lat' dir='ltr'>facto</span> <span class='ocrx_word' id='word_1_129' title='bbox 626 2768 761 2817; x_wconf 82' lang='lat' dir='ltr'>opus</span> <span class='ocrx_word' id='word_1_130' title='bbox 799 2758 897 2805; x_wconf 78' lang='lat' dir='ltr'>est.</span> <span class='ocrx_word' id='word_1_131' title='bbox 968 2758 1054 2805; x_wconf 83' lang='lat' dir='ltr'>Ita</span> <span class='ocrx_word' id='word_1_132' title='bbox 1104 2760 1388 2818; x_wconf 83' lang='lat' dir='ltr'>utrumque</span> <span class='ocrx_word' id='word_1_133' title='bbox 1439 2766 1538 2817; x_wconf 80' lang='lat' dir='ltr'>per</span> <span class='ocrx_word' id='word_1_134' title='bbox 1571 2765 1632 2803; x_wconf 80' lang='lat' dir='ltr'>se</span> <span class='ocrx_word' id='word_1_135' title='bbox 1666 2752 1938 2817; x_wconf 79' lang='lat' dir='ltr'>indigens,</span> <span class='ocrx_word' id='word_1_136' title='bbox 1953 2763 2014 2814; x_wconf 76' lang='lat'>15</span> 
     </span>
     <span class='ocr_line' id='line_1_18' title="bbox 184 2843 1109 2907; baseline -0.001 -13"><span class='ocrx_word' id='word_1_137' title='bbox 184 2844 422 2895; x_wconf 83' lang='lat' dir='ltr'>alterum</span> <span class='ocrx_word' id='word_1_138' title='bbox 459 2843 684 2894; x_wconf 79' lang='lat' dir='ltr'>alterius</span> <span class='ocrx_word' id='word_1_139' title='bbox 722 2844 927 2893; x_wconf 83' lang='lat' dir='ltr'>auxilio</span> <span class='ocrx_word' id='word_1_140' title='bbox 964 2846 1109 2907; x_wconf 80' lang='lat' dir='ltr'>eget.</span> 
     </span>
    </p>

    <p class='ocr_par' dir='ltr' id='par_1_3' title="bbox 184 2929 1942 3085">
     <span class='ocr_line' id='line_1_19' title="bbox 288 2929 1942 3003; baseline -0.003 -21"><span class='ocrx_word' id='word_1_141' title='bbox 288 2935 341 2983; x_wconf 76' lang='lat'>2.</span> <span class='ocrx_word' id='word_1_142' title='bbox 395 2932 573 2994; x_wconf 80' lang='lat' dir='ltr'>Igitur</span> <span class='ocrx_word' id='word_1_143' title='bbox 615 2932 771 3003; x_wconf 81' lang='lat' dir='ltr'>initio</span> <span class='ocrx_word' id='word_1_144' title='bbox 819 2944 985 2995; x_wconf 83' lang='lat' dir='ltr'>reges</span> <span class='ocrx_word' id='word_1_145' title='bbox 1036 2936 1189 2991; x_wconf 79' lang='lat' dir='ltr'>(nam</span> <span class='ocrx_word' id='word_1_146' title='bbox 1223 2933 1283 2982; x_wconf 87' lang='lat' dir='ltr'>iu</span> <span class='ocrx_word' id='word_1_147' title='bbox 1317 2933 1482 2983; x_wconf 83' lang='lat' dir='ltr'>terris</span> <span class='ocrx_word' id='word_1_148' title='bbox 1515 2940 1710 2981; x_wconf 87' lang='lat' dir='ltr'>nomeu</span> <span class='ocrx_word' id='word_1_149' title='bbox 1745 2929 1942 2991; x_wconf 80' lang='lat' dir='ltr'>imperi</span> 
     </span>
     <span class='ocr_line' id='line_1_20' title="bbox 184 3018 1941 3085; baseline -0.003 -14"><span class='ocrx_word' id='word_1_150' title='bbox 184 3022 238 3071; x_wconf 87' lang='lat' dir='ltr'>id</span> <span class='ocrx_word' id='word_1_151' title='bbox 281 3021 515 3084; x_wconf 78' lang='lat' dir='ltr'>primum</span> <span class='ocrx_word' id='word_1_152' title='bbox 559 3019 719 3085; x_wconf 82' lang='lat' dir='ltr'>fuit),</span> <span class='ocrx_word' id='word_1_153' title='bbox 784 3020 990 3069; x_wconf 86' lang='lat' dir='ltr'>divorsi</span> <span class='ocrx_word' id='word_1_154' title='bbox 1044 3032 1171 3082; x_wconf 79' lang='lat' dir='ltr'>pars</span> <span class='ocrx_word' id='word_1_155' title='bbox 1222 3021 1527 3085; x_wconf 82' lang='lat' dir='ltr'>ingenium,</span> <span class='ocrx_word' id='word_1_156' title='bbox 1591 3018 1687 3068; x_wconf 83' lang='lat' dir='ltr'>alii</span> <span class='ocrx_word' id='word_1_157' title='bbox 1743 3029 1941 3080; x_wconf 79' lang='lat' dir='ltr'>corpus</span> 
     </span>
    </p>
   </div>
   <div class='ocr_carea' id='block_1_3' title="bbox 186 3138 583 3153">
    <p class='ocr_par' dir='ltr' id='par_1_4' title="bbox 186 3138 583 3153">
     <span class='ocr_line' id='line_1_21' title="bbox 186 3138 583 3153; baseline 0 772"><span class='ocrx_word' id='word_1_158' title='bbox 186 3138 583 3153; x_wconf 95' lang='lat' dir='ltr'> </span> 
     </span>
    </p>
   </div>
   <div class='ocr_carea' id='block_1_4' title="bbox 187 3202 1946 3394">
    <p class='ocr_par' dir='ltr' id='par_1_5' title="bbox 187 3202 1946 3394">
     <span class='ocr_line' id='line_1_22' title="bbox 285 3202 1945 3258; baseline -0.001 -16"><span class='ocrx_word' id='word_1_159' title='bbox 285 3208 324 3247; x_wconf 77' lang='lat'>1.</span> <span class='ocrx_word' id='word_1_160' title='bbox 372 3204 512 3242; x_wconf 71' lang='lat' dir='ltr'>unm</span> <span class='ocrx_word' id='word_1_161' title='bbox 536 3204 583 3243; x_wconf 82' lang='lat' dir='ltr'>V.</span> <span class='ocrx_word' id='word_1_162' title='bbox 612 3203 683 3253; x_wconf 60' lang='grc' dir='ltr'>(οὒ</span> <span class='ocrx_word' id='word_1_163' title='bbox 714 3204 779 3243; x_wconf 70' lang='lat' dir='ltr'>sio</span> <span class='ocrx_word' id='word_1_164' title='bbox 811 3204 1003 3258; x_wconf 72' lang='lat' dir='ltr'>ubique).</span> <span class='ocrx_word' id='word_1_165' title='bbox 1030 3221 1083 3233; x_wconf 61' lang='grc' dir='ltr'>ν·-</span> <span class='ocrx_word' id='word_1_166' title='bbox 1114 3204 1156 3243; x_wconf 78' lang='grc'>6.</span> <span class='ocrx_word' id='word_1_167' title='bbox 1192 3202 1274 3245; x_wconf 66' lang='lat' dir='ltr'>dite</span> <span class='ocrx_word' id='word_1_168' title='bbox 1297 3205 1348 3244; x_wconf 79' lang='lat' dir='ltr'>V.</span> <span class='ocrx_word' id='word_1_169' title='bbox 1375 3224 1427 3235; x_wconf 91' lang='lat'>--</span> <span class='ocrx_word' id='word_1_170' title='bbox 1463 3204 1503 3244; x_wconf 72' lang='grc'>7.</span> <span class='ocrx_word' id='word_1_171' title='bbox 1535 3206 1682 3244; x_wconf 70' lang='grc' dir='ltr'>νεσιίυσ</span> <span class='ocrx_word' id='word_1_172' title='bbox 1705 3214 1790 3242; x_wconf 75' lang='lat' dir='ltr'>eeu</span> <span class='ocrx_word' id='word_1_173' title='bbox 1814 3202 1865 3241; x_wconf 80' lang='lat' dir='ltr'>V.</span> <span class='ocrx_word' id='word_1_174' title='bbox 1893 3220 1945 3233; x_wconf 89' lang='lat'>—</span> 
     </span>
     <span class='ocr_line' id='line_1_23' title="bbox 187 3269 1946 3326; baseline -0.003 -12"><span class='ocrx_word' id='word_1_175' title='bbox 187 3275 339 3324; x_wconf 68' lang='grc' dir='ltr'>ἰιςειιίἱ</span> <span class='ocrx_word' id='word_1_176' title='bbox 366 3272 416 3311; x_wconf 78' lang='lat' dir='ltr'>V.</span> <span class='ocrx_word' id='word_1_177' title='bbox 442 3272 511 3321; x_wconf 72' lang='lat' dir='ltr'>(ot</span> <span class='ocrx_word' id='word_1_178' title='bbox 534 3272 596 3311; x_wconf 71' lang='lat' dir='ltr'>nio</span> <span class='ocrx_word' id='word_1_179' title='bbox 621 3273 812 3323; x_wconf 73' lang='lat' dir='ltr'>ubique).</span> <span class='ocrx_word' id='word_1_180' title='bbox 838 3292 891 3301; x_wconf 89' lang='lat'>—-</span> <span class='ocrx_word' id='word_1_181' title='bbox 936 3274 977 3313; x_wconf 72' lang='grc'>9.</span> <span class='ocrx_word' id='word_1_182' title='bbox 1012 3274 1183 3312; x_wconf 53' lang='lat' dir='ltr'>nandum</span> <span class='ocrx_word' id='word_1_183' title='bbox 1206 3274 1257 3313; x_wconf 80' lang='lat' dir='ltr'>V.</span> <span class='ocrx_word' id='word_1_184' title='bbox 1289 3274 1358 3323; x_wconf 77' lang='lat' dir='ltr'>(et</span> <span class='ocrx_word' id='word_1_185' title='bbox 1382 3276 1445 3314; x_wconf 74' lang='lat' dir='ltr'>sie</span> <span class='ocrx_word' id='word_1_186' title='bbox 1469 3275 1659 3326; x_wconf 69' lang='lat' dir='ltr'>ubique).</span> <span class='ocrx_word' id='word_1_187' title='bbox 1686 3293 1736 3304; x_wconf 90' lang='lat'>-</span> <span class='ocrx_word' id='word_1_188' title='bbox 1787 3271 1850 3311; x_wconf 77' lang='lat'>18.</span> <span class='ocrx_word' id='word_1_189' title='bbox 1879 3269 1946 3308; x_wconf 70' lang='lat' dir='ltr'>dt·-</span> 
     </span>
     <span class='ocr_line' id='line_1_24' title="bbox 188 3339 1470 3394; baseline -0.002 -9"><span class='ocrx_word' id='word_1_190' title='bbox 188 3344 297 3385; x_wconf 58' lang='grc' dir='ltr'>πᾶσι·</span> <span class='ocrx_word' id='word_1_191' title='bbox 322 3341 378 3381; x_wconf 80' lang='lat' dir='ltr'>V.</span> <span class='ocrx_word' id='word_1_192' title='bbox 408 3340 475 3391; x_wconf 76' lang='lat' dir='ltr'>(et</span> <span class='ocrx_word' id='word_1_193' title='bbox 500 3341 563 3381; x_wconf 75' lang='grc' dir='ltr'>ιὶο</span> <span class='ocrx_word' id='word_1_194' title='bbox 586 3340 631 3380; x_wconf 75' lang='lat' dir='ltr'>in</span> <span class='ocrx_word' id='word_1_195' title='bbox 654 3339 695 3381; x_wconf 78' lang='lat' dir='ltr'>h.</span> <span class='ocrx_word' id='word_1_196' title='bbox 722 3352 763 3380; x_wconf 78' lang='lat' dir='ltr'>v.</span> <span class='ocrx_word' id='word_1_197' title='bbox 790 3346 910 3391; x_wconf 68' lang='lat' dir='ltr'>atque</span> <span class='ocrx_word' id='word_1_198' title='bbox 935 3341 1140 3383; x_wconf 66' lang='lat' dir='ltr'>similibus</span> <span class='ocrx_word' id='word_1_199' title='bbox 1164 3342 1356 3394; x_wconf 74' lang='lat' dir='ltr'>ubique).</span> <span class='ocrx_word' id='word_1_200' title='bbox 1463 3344 1470 3349; x_wconf 87' lang='lat'>&#39;</span> 
     </span>
    </p>
   </div>
   <div class='ocr_carea' id='block_1_5' title="bbox 1581 3414 1608 3463">
    <p class='ocr_par' dir='ltr' id='par_1_6' title="bbox 1581 3414 1608 3463">
     <span class='ocr_line' id='line_1_25' title="bbox 1581 3414 1608 3463; baseline 0 0"><span class='ocrx_word' id='word_1_201' title='bbox 1581 3414 1608 3463; x_wconf 93' lang='lat'><strong>1</strong></span> 
     </span>
    </p>
   </div>
  </div>
 </body>
</html>
