2525 3925
637 345 929 396 BELLUM
963 343 1479 396 IUGURTHINUM.
1668 399 1671 406 ,
1852 347 1923 398 81

175 491 304 541 dem
338 494 468 542 item
505 491 680 540 vostri
716 489 922 556 ordinis
947 490 1100 540 multi
1125 489 1385 540 mortales
1414 491 1473 544 in
1496 501 1721 542 carcere
1740 493 1925 542 necati

175 585 342 642 sunt3
403 579 900 642 utriusquexciadis
949 592 1054 630 non
1103 579 1224 644 lex,
1276 592 1465 629 verum
1515 579 1698 630 lubido
1734 593 1947 646 eorum·

175 669 346 718 finem
397 667 546 718 fecit.
617 665 726 716 Sed
774 679 907 716 sane
954 669 1119 718 fuerit
1163 670 1321 732 regni
1368 669 1582 730 paratio
1630 667 1778 730 plebi
1824 681 1927 720 sua

173 757 504 817 restituere3
556 757 808 818 quidquid
861 758 980 805 sine
1023 759 1287 819 sanguine
1335 757 1532 807 civium
1586 756 1783 806 ulcisci
1826 767 1924 806 ne-

175 847 390 912 quitur,
443 847 562 894 iure
610 846 813 895 factum
853 846 941 894 sit.
1011 845 1393 906 Superioribus
1440 848 1595 894 annis
1644 847 1798 894 taciti
1833 848 1961 898 iii-5

181 935 553 996 dignabamini
589 934 858 984 aerarium
883 933 1134 999 expilari,
1170 945 1333 996 reges
1370 938 1426 982 et
1456 932 1686 996 populos
1718 923 1924 984 liberos

169 1023 376 1085 paucis
429 1021 698 1073 nobilibus
750 1020 994 1084 vectigal
1050 1021 1325 1086 pendere,
1378 1033 1544 1083 penes
1598 1021 1813 1072 eosdem
1868 1025 1926 1072 et

179 1123 441 1160 summam
477 1110 709 1172 gloriam
747 1114 802 1158 et
837 1122 1110 1158 maxumas
1142 1110 1365 1159 divitias
1390 1121 1546 1173 esse3
1583 1115 1763 1160 tamen
1789 1113 1924 1160 haec

180 1198 322 1247 talia
353 1200 598 1247 facinora
632 1199 831 1258 inpune
865 1199 1176 1261 suscepisse
1213 1211 1400 1260 parum
1438 1199 1686 1249 habuere.
1737 1201 1926 1263 Itaque

187 1290 466 1348 postremo
522 1285 708 1350 leges,
775 1288 1028 1336 maiestas
1083 1292 1303 1349 vostra,
1352 1287 1542 1336 diviua
1590 1294 1646 1337 et
1694 1281 1923 1340 humana
1939 1293 2003 1344 10

187 1377 373 1424 omnia
409 1375 650 1424 hostibus
685 1375 886 1424 tradita
921 1379 1064 1423 sunt.
1131 1376 1317 1436 Neque
1349 1387 1464 1441 eoS,
1501 1376 1590 1438 qui
1625 1389 1691 1425 ea
1723 1380 1927 1445 fecere,

183 1465 354 1527 pudet
387 1467 486 1512 aut
518 1464 776 1526 poenitet,
812 1463 908 1512 sed
946 1465 1202 1513 incedunt
1235 1475 1335 1525 per
1372 1477 1473 1514 ora
1497 1470 1691 1514 vostra
1713 1468 1925 1530 magni-

181 1553 305 1616 fici,
373 1553 686 1602 sacerdotia
740 1553 796 1601 et
851 1552 1199 1615 consulatus,
1269 1565 1395 1614 pars
1447 1553 1745 1616 triumphos
1796 1569 1927 1614 suos

185 1644 552 1704 ostentantes,
603 1639 830 1702 perinde
878 1641 1032 1703 quasi
1080 1652 1146 1688 ea
1185 1641 1379 1688 honori
1413 1652 1520 1689 non
1556 1644 1792 1704 praedae
1828 1644 1927 1692 ha-

185 1732 362 1780 beant.
436 1730 602 1779 servi
649 1739 782 1778 aere
828 1730 1005 1790 parati
1062 1729 1269 1778 iniusta
1320 1729 1548 1790 imperia
1594 1728 1921 1780 dominorum
1940 1735 2001 1786 15

183 1829 291 1868 non
319 1817 628 1879 perferunt-3
667 1829 788 1882 vos,
817 1813 1079 1879 Quirites,
1115 1817 1342 1876 imperio
1373 1819 1507 1881 nati,
1541 1829 1713 1879 aequo
1748 1822 1927 1868 animo

183 1907 508 1956 servitutem
545 1896 840 1954 toleratis?
890 1906 964 1954 At
999 1905 1088 1967 qui
1124 1909 1251 1954 sunt
1288 1904 1339 1952 hi
1380 1906 1477 1967 qui
1510 1916 1621 1954 rem
1658 1905 1928 1969 publicam

183 1986 570 2056 occupavere?
615 1994 873 2043 Homines
905 1993 1357 2058 sceleratissumi,
1391 1995 1633 2045 cruentis
1666 1996 1929 2063 manibuS,

185 2084 388 2133 inmani
443 2084 713 2147 avaritia,
774 2082 1161 2133 nocentissumi
1223 2082 1469 2145 idemque
1528 2085 1929 2150 superbissumi,

184 2173 380 2235 quibus
425 2172 593 2237 fides,
648 2172 846 2239 decus,
895 2172 1102 2236 pietas,
1153 2174 1430 2232 postremo
1484 2172 1711 2221 honesta
1764 2178 2005 2247 atquem)

183 2262 474 2311 inhonesta
513 2262 691 2310 omnia
737 2261 982 2322 quaestui
1033 2261 1176 2309 sunt.
1246 2260 1381 2311 Pars
1426 2272 1613 2310 eorum
1662 2261 1931 2311 occidisse

186 2347 680 2415 tribunosplebis,
714 2349 811 2397 alii
843 2349 1193 2410 quaestiones
1229 2348 1481 2411 iniustas,
1522 2350 1767 2412 plerique
1802 2363 1931 2399 cae-

187 2438 312 2485 dem
347 2438 403 2483 in
439 2448 541 2499 vos
575 2436 801 2499 fecisse,
854 2447 954 2497 pro
1000 2437 1329 2483 munimento
1366 2436 1581 2485 habent.
1653 2440 1738 2487 lta
1774 2450 1931 2499 quam

191 2524 420 2585 quisque
458 2533 702 2583 pessume
733 2524 896 2584 fecit,
954 2525 1062 2571 tam
1098 2507 1343 2571 maxume
1383 2526 1528 2572 tutus
1565 2531 1650 2574 est
1662 2540 1683 2588 3
1730 2532 1930 2577 metum

189 2626 228 2663 a
269 2609 488 2659 scelere
522 2621 621 2659 suo
660 2611 727 2658 ad
769 2612 1042 2674 ignaviam
1092 2613 1331 2684 vostram
1382 2610 1739 2671 transtulere3
1794 2626 1929 2675 quos
1942 2620 2007 2671 25

191 2701 372 2749 omnis
409 2700 598 2747 eadem
633 2709 864 2763 cupere,
897 2700 1080 2747 eadem
1125 2698 1335 2761 odisse,
1372 2698 1561 2748 eadem
1596 2705 1842 2749 metuere
1879 2703 1935 2749 in

191 2801 355 2838 uuum
415 2786 616 2850 coegit.
688 2787 810 2851 Sed,
850 2787 983 2837 haec
1035 2788 1178 2837 inter
1235 2788 1407 2838 bonos
1458 2788 1733 2849 amicitia,
1794 2790 1935 2838 inter

191 2876 366 2929 malos
417 2879 592 2927 factio
647 2882 750 2927 est.
844 2872 1050 2941 Quodsi
1104 2879 1212 2927 tam
1270 2890 1374 2926 vos
1428 2876 1700 2928 libertatis
1751 2866 1933 2926 curam

191 2967 504 3031 haberetis,
560 2978 720 3029 quam
774 2964 859 3015 illi
913 2967 981 3015 ad
1035 2965 1456 3016 dominationem
1517 2966 1737 3015 accensi
1791 2972 1933 3029 sunt,

297 3211 332 3249 i.
363 3212 483 3247 occu-a·
508 3211 600 3247 icem
624 3208 672 3245 V.
705 3231 744 3238 -
793 3209 834 3247 Δ.
861 3210 998 3261 nequit
1021 3206 1072 3247 V.
1105 3228 1149 3237 -
1185 3205 1248 3245 12.
1277 3204 1483 3255 magnifice
1512 3208 1561 3247 V.
1593 3228 1636 3239 --
1680 3208 1739 3247 15.
1766 3208 1937 3257 imperia

189 3282 348 3319 amca
372 3277 421 3317 K.
449 3298 496 3307 —
522 3276 585 3315 16.
613 3278 654 3315 ini
678 3278 845 3329 inperio
871 3276 920 3315 V.
952 3276 1004 3317 G.
1033 3296 1078 3308 -
1108 3276 1167 3315 1⁷.
1194 3276 1228 3315 εἰ·
1253 3275 1306 3315 G.
1334 3297 1377 3307 —
1404 3275 1469 3315 20.
1498 3279 1585 3326 quin
1610 3275 1661 3315 Κ.
1689 3297 1733 3306 -
1760 3276 1821 3315 08.
1854 3288 1935 3314 on.

193 3346 336 3387 eaden
361 3356 504 3395 cupere
530 3344 679 3384 Kritsii
705 3344 929 3395 typothetn.
1982 3344 1989 3351 '
