2525 3925
860 283 1230 338 launoium
1263 283 1417 336 CXL.
1902 286 2007 337 818

269 433 346 482 Μ.
379 426 576 481 Catoni
617 430 1018 481 auministratio
1063 434 1182 482 eius
1225 432 1311 481 rei
1358 431 1611 480 mandata
1648 432 1747 479 est.
1817 429 2005 479 Ptole-

267 528 457 567 naeus
504 518 750 582 Aegypti
795 530 921 580 rex,
973 519 1042 567 ob
1091 519 1319 567 iniurias
1366 530 1503 580 quas
1546 517 1921 579 patiebantur,
1970 528 2005 567 a

189 606 384 655 essenis
432 617 604 668 regno
655 606 844 668 pulsus
891 606 1124 655 Romam.
1159 608 1335 655 venit.
1406 603 1465 653 C.
1502 602 1710 654 Caesar
1741 605 2004 666 Venetos,

266 696 488 756 gentem
537 690 758 742 Oceano
803 695 1070 757 iunctam,
1119 691 1308 742 navali
1360 691 1567 753 proelio
1617 694 1768 742 vicit.
1837 695 2005 745 Prae-

269 783 428 829 terea
461 790 552 829 res
589 792 626 829 a
657 780 860 841 legatis
894 781 1012 828 eius
1051 782 1238 829 eadem
1276 781 1495 830 fortuna
1522 784 1710 843 gestas
1744 771 2045 832 continet.5

943 945 1174 995 Liber
1222 941 1335 995 CV.

374 1058 507 1110 Cum
545 1057 603 1109 C.
644 1057 866 1111 Catonis
917 1062 1140 1111 tribuni
1168 1061 1344 1122 plebis
1388 1062 1871 1114 intercessionibus
1906 1077 2003 1114 co-

267 1149 426 1196 mitia
459 1146 800 1213 tollerentur,
835 1152 1057 1197 senatus
1091 1152 1305 1198 vestem
1344 1152 1589 1198 mutavit.
1659 1150 1735 1198 Μ.
1770 1149 1906 1201 Cato
1945 1154 2002 1200 in

265 1236 528 1297 petitione
572 1240 888 1300 praeturae,
943 1235 1190 1296 praelato
1235 1238 1489 1300 Vatinio,
1538 1237 1814 1298 repulsam
1862 1238 2002 1287 tulit.

265 1322 414 1371 Idem
451 1334 571 1371 cum
609 1322 795 1385 legem
836 1324 1117 1383 impediret
1169 1335 1274 1385 qua
1324 1325 1642 1384 provinciae
1690 1325 2002 1375 consulibus
2015 1320 2079 1370 10

265 1409 324 1458 in
359 1411 782 1471 quinquennium
800 1444 817 1475 ,
862 1410 1112 1470 Pompeio
1148 1411 1469 1475 Hispaniae,
1512 1410 1711 1461 Crasso
1748 1414 1919 1474 Syria
1952 1416 2009 1462 et

264 1496 574 1545 Parthicum
610 1496 838 1562 bellum,
888 1494 1114 1546 Caesari
1151 1497 1339 1547 Gallia
1377 1501 1437 1546 et
1472 1498 1764 1548 Germania
1799 1502 2004 1551 daban-

264 1586 386 1650 tur,
441 1595 477 1632 a
521 1580 581 1632 Ο.
617 1584 886 1633 Trebonio
935 1586 1150 1635 tribuno
1198 1584 1408 1651 plebis,
1458 1584 1601 1650 legis
1644 1590 1897 1650 auctore,
1945 1589 2004 1635 in

187 1670 489 1724 osovincula
525 1671 718 1721 ductus
755 1674 854 1720 est.
909 1673 977 1721 A.
1009 1672 1279 1722 Gabinius
1312 1672 1607 1733 proconsul
1633 1672 1999 1722 Ptolemaeum

263 1758 482 1808 reduxit
513 1761 570 1807 in
605 1770 836 1821 regnum
870 1759 1132 1822 Aegypti,
1168 1760 1344 1809 eiecto
1383 1760 1669 1825 Archelao,
1706 1772 1860 1822 quem
1896 1760 2075 1811 sibi15

265 1856 452 1909 regem
496 1846 862 1896 adsciverant.
932 1843 1137 1895 Caesar
1183 1848 1351 1895 victis
1388 1846 1678 1897 Germanis
1724 1850 1781 1897 in
1820 1848 2005 1899 Gallia

268 1936 552 1996 caesisque
599 1934 848 1984 Rhenum
902 1934 1276 2002 transcendit,
1338 1936 1393 1984 et
1444 1936 1740 1996 proximam
1795 1940 2003 2000 partem

267 2023 602 2074 Germaniae
649 2023 886 2087 domuit3
940 2033 1008 2071 ac
1053 2021 1247 2072 deinde
1284 2019 1500 2072 Oceano
1547 2025 1601 2071 in
1652 2025 2004 2090 Britanniam,

265 2111 442 2172 primo
475 2123 670 2171 parum
706 2121 969 2172 prospere
1003 2112 1415 2171 tempestatibus
1450 2113 1722 2176 adversis,
1769 2114 2005 2180 traiecit,

263 2200 467 2248 iterum
515 2197 734 2248 felicius
750 2214 770 2262 3
823 2210 1124 2261 magnaque
1172 2197 1517 2248 multitudine
1561 2201 1798 2249 bostium
1841 2200 2079 2251 caesa20

263 2287 499 2348 aliquam
534 2288 740 2348 partem
779 2286 992 2335 insulae
1030 2289 1086 2334 in
1121 2289 1447 2346 potestatem
1483 2289 1710 2349 redegit.

919 2450 1158 2500 Liber
1208 2449 1353 2501 cvl.

188 2575 264 2614 700
376 2557 516 2607 Iulia
550 2555 804 2606 Caesaris
845 2555 976 2620 iilia,
1010 2557 1250 2619 Pompeii
1292 2570 1448 2624 uxor,
1490 2559 1726 2607 decessit
1737 2573 1757 2621 3
1804 2559 2005 2607 bonos-

267 2657 372 2709 que
409 2648 463 2694 ei
498 2657 532 2694 a
568 2645 768 2707 populo
805 2637 1017 2694 habitus
1056 2649 1159 2710 est,
1199 2649 1261 2694 ut
1294 2649 1348 2694 in
1388 2658 1576 2708 campo
1609 2646 1808 2696 Martio
1844 2656 2006 2706 sepe-

263 2733 477 2783 liretur.
534 2731 817 2783 Gallorum
853 2732 1060 2794 aliquot
1093 2732 1299 2795 populi,
1337 2736 1649 2795 Ambiorige
1686 2735 1822 2782 duce
1852 2725 2078 2781 Ebu-25

264 2832 484 2888 tonum,
533 2820 882 2882 defecerunt3
935 2831 970 2870 a
1017 2821 1205 2883 quibus
1244 2819 1405 2871 Cotta
1448 2825 1505 2870 et
1540 2821 1782 2870 Titurius
1830 2819 2002 2884 legati

363 3049 401 3087 Β.
440 3059 540 3097 quae
572 3047 827 3096 patiebamur
835 3072 850 3094 ,
889 3057 916 3082 a
947 3047 1032 3084 aas
1064 3058 1182 3093 rayno
1215 3045 1383 3096 padcus]
1422 3045 1495 3084 sie
1530 3049 1639 3084 recto
1674 3045 1881 3094 legebatur
1912 3050 2005 3084 ante

264 3115 652 3155 nnkonborehium.
689 3115 791 3154 nie:
818 3125 918 3164 quas
939 3113 1168 3162 patiebatur
1192 3125 1219 3150 a
1243 3115 1341 3159 suis,
1367 3125 1487 3160 regno
1506 3112 1659 3162 pedm.
1689 3133 1733 3143 -·
1775 3113 1837 3152 w.
1864 3114 2005 3150 itm

262 3182 453 3234 felitius]
486 3188 652 3222 auctore
689 3183 902 3224 ero-ovio
939 3181 1142 3230 uma-ig
1181 3185 1224 3219 et
1261 3180 1504 3220 nokkerus:
1550 3180 1647 3219 libri
1684 3183 1827 3219 iter-m
1861 3191 2005 3227 partu·

263 3249 439 3300 felicius.
475 3271 522 3280 —
571 3251 633 3290 ὓ.
659 3251 774 3290 Fon-t.
803 3250 998 3290 ntus-m.
1027 3250 1082 3290 ef.
1109 3261 1152 3300 p.
1181 3249 1270 3288 815.
1298 3261 1339 3288 v.
1366 3249 1404 3291 1.
1431 3248 1545 3286 Bau.
