2525 3925
838 273 1255 328 mumolum.
1813 279 1916 331 199

146 422 345 482 atque
392 420 671 471 laboribus
714 421 1007 486 fatigatur3
1056 427 1155 474 aut
1200 423 1433 486 gloriam
1481 427 1577 474 aut
1610 424 1922 478 libertatem

148 513 266 558 aut
304 521 423 558 rem
459 510 781 560 familiarem
817 512 1096 573 defensat3
1146 513 1397 562 omnibus
1432 513 1572 561 iocis
1604 512 1787 580 adest,
1833 518 1920 565 fe-

149 599 379 660 stinat3
417 603 617 660 quanto
653 600 709 649 in
746 600 1001 650 secundis
1026 604 1189 652 rebus
1221 602 1504 651 florentior
1528 600 1653 665 fuit,
1686 603 1837 652 tanto
1862 605 1919 651 iu

151 685 431 736 advorsis
480 689 728 748 asperius
782 691 1061 752 magisque
1113 691 1278 738 anxie
1330 690 1520 752 agitat.
1603 689 1780 753 Igitur
1832 693 1922 740 ubi

154 774 334 835 plebs
371 777 585 824 senatui
620 777 783 825 sicuti
822 789 1020 838 corpus
1056 778 1236 826 animo
1271 776 1489 827 oboedit
1523 778 1748 840 eiusque
1789 777 1963 827 con-5

158 862 327 912 sulta
364 864 704 928 exsequitur,
757 868 941 926 patres
976 865 1209 916 consilio
1256 865 1446 915 valere
1483 866 1672 931 decet,
1721 866 1922 930 populo

158 943 593 1012 supervacanea
616 954 702 1002 est
725 952 1018 1003 calliditas,
1067 955 1257 1014 ltaque
1280 954 1515 1003 maiores
1537 955 1730 1020 nostri,
1765 967 1922 1016 quom

159 1039 340 1090 bellis
401 1043 731 1101 asperrumis
797 1046 1204 1106 premerentur,
1273 1043 1423 1103 equis
1490 1042 1628 1092 viris
1690 1044 1924 1103 pecunia

163 1129 411 1190 amissa,
462 1139 728 1189 nunquam
775 1130 979 1179 defessi
1026 1133 1154 1180 sunt
1193 1132 1394 1180 armati
1429 1131 1496 1180 de
1529 1131 1757 1192 imperio
1795 1143 1922 1182 cer-

171 1221 322 1264 tare.
377 1217 497 1264 Nou
534 1217 720 1277 inopia
755 1217 954 1280 aerari,
990 1228 1102 1268 non
1136 1219 1223 1267 vis
1258 1218 1513 1284 bostium,
1555 1230 1663 1269 non
1687 1221 1923 1271 adversa
1934 1216 2000 1268 10

170 1316 307 1369 res,
341 1305 616 1365 ingentem
654 1316 840 1354 eorum
879 1308 1117 1355 animum
1152 1307 1402 1372 subegit,
1439 1308 1600 1372 quin,
1632 1319 1772 1368 quae
1804 1310 1925 1359 vir·-

172 1396 298 1441 tnte
338 1397 628 1458 ceperant,
674 1392 837 1444 simul
874 1405 991 1443 cum
1038 1397 1217 1443 anima
1253 1397 1572 1445 retinerent.
1642 1397 1822 1458 Atque
1857 1409 1926 1446 ea

168 1481 355 1543 magis
389 1481 621 1530 fortibus
644 1481 892 1531 consiliis
924 1494 1081 1543 quam
1107 1483 1261 1533 bonis
1295 1484 1518 1545 proeliis
1541 1488 1759 1546 patrata
1780 1488 1925 1535 sunt.

177 1566 399 1633 Quippe
432 1572 577 1631 apud
611 1569 746 1620 illos
782 1582 888 1620 una
921 1582 1013 1620 res
1049 1571 1272 1631 publica
1294 1576 1414 1623 erat
1424 1587 1443 1637 3
1481 1575 1534 1622 ei
1563 1584 1751 1622 omnes
1791 1585 1925 1623 con-

175 1657 464 1722 sulebant3
508 1660 678 1709 factio
713 1663 908 1708 contra
940 1659 1115 1708 hostis
1148 1660 1479 1723 parabatur3
1529 1671 1725 1722 corpus
1759 1663 1922 1723 atque
1937 1660 2000 1711 15

181 1747 462 1809 ingenium
499 1748 731 1808 patriae,
766 1759 876 1796 non
908 1759 1043 1801 suae
1078 1750 1304 1810 quisque
1339 1751 1614 1810 potentiae
1650 1749 1926 1798 exercita-

182 1837 295 1885 bat.
367 1835 444 1884 At
478 1834 581 1884 boc
617 1839 858 1897 tempore
898 1840 1093 1884 contra
1128 1847 1197 1885 ea
1238 1837 1481 1886 homines
1515 1836 1754 1902 nobiles,
1792 1849 1927 1900 quo-

178 1935 300 1973 rum
324 1924 533 1974 animos
566 1923 822 1974 socordia
841 1927 1004 1988 atque
1026 1927 1253 1988 ignavia
1280 1927 1502 1990 invasit,
1535 1927 1748 1992 ignarei
1768 1924 1926 1979 labo-

183 2015 290 2075 ris,
339 2015 597 2080 bostium,
644 2013 901 2078 militiae,
952 2016 1095 2065 domi
1131 2016 1373 2066 factione
1408 2017 1664 2068 instructi
1699 2028 1796 2078 per
1829 2028 1926 2066 su-

183 2103 420 2163 perbiam
467 2104 679 2152 cunctis
730 2103 981 2165 gentibus
1028 2102 1391 2154 moderantur.
1485 2107 1676 2168 Itaque
1721 2104 1999 2171 putreant·

186 2203 410 2253 quorum
448 2191 680 2241 consilio
714 2196 881 2241 autea
927 2191 1092 2243 dubia
1131 2204 1222 2243 res
1268 2193 1488 2255 publica
1531 2195 1926 2262 stabiliebatur,

188 2282 433 2341 oppressi
471 2292 539 2328 ex
577 2280 762 2329 aliena
805 2280 1045 2329 lubidine
1086 2281 1191 2329 buc
1226 2284 1390 2340 atque
1426 2281 1563 2332 illuc
1603 2284 1926 2334 fluctuantes

188 2368 494 2429 agitantur:
531 2368 798 2418 interdum
822 2370 954 2434 alia,
991 2369 1184 2419 deinde
1214 2368 1329 2417 alia
1359 2370 1687 2434 decernunt3
1725 2371 1806 2421 uti
1829 2383 1926 2421 eo-

188 2466 324 2518 rum,
362 2456 454 2516 qui
491 2456 849 2522 dominantur,
894 2455 1145 2505 simultas
1182 2461 1279 2506 aut
1307 2459 1490 2520 gratia
1525 2458 1667 2523 fert,
1715 2460 1797 2509 ita
1830 2460 1926 2508 bo-

191 2553 314 2593 num
351 2542 665 2604 malumque
701 2541 979 2605 publicum
1013 2547 1337 2595 aestumant.
1402 2541 1608 2609 Quodsi
1631 2550 1727 2596 aut
1749 2544 1999 2597 liber-25

191 2638 277 2683 tas
309 2642 483 2693 aequa
518 2634 751 2683 omnium
785 2636 881 2682 aut
914 2635 1188 2683 sententia
1217 2634 1503 2685 obscurior
1535 2638 1710 2696 esset,
1748 2635 1926 2685 maio-

192 2721 340 2771 ribus
372 2722 565 2782 opibus
613 2732 703 2770 res
745 2720 965 2782 publica
1002 2724 1059 2771 et
1091 2724 1274 2773 minus
1307 2724 1505 2787 potens
1538 2721 1800 2773 nobilitas
1835 2734 1926 2773 es-

196 2813 291 2861 sct.
359 2810 465 2859 sed
505 2810 763 2873 quoniam
808 2813 1104 2873 coaequari
1146 2813 1386 2876 gratiam
1420 2814 1666 2862 omnium
1704 2810 1926 2863 difficile

286 3061 323 3101 5.
353 3060 485 3113 plebe]
511 3062 561 3101 V.
600 3061 734 3112 plebe·
760 3064 811 3103 Θ.
840 3083 887 3094 --
926 3060 1103 3112 obedit]
1130 3062 1179 3104 V.
1220 3061 1353 3101 obedit
1379 3064 1426 3104 G.
1471 3085 1515 3095 -
1563 3063 1601 3103 6.
1639 3067 1772 3115 patris
1800 3066 1846 3104 V.
1880 3087 1924 3098 -

196 3130 234 3169 7.
257 3141 570 3179 mmmmm
596 3132 644 3172 V.
666 3152 714 3195 f—
742 3133 801 3173 11.
828 3134 939 3184 quiin,
966 3128 1088 3181 quae]
1116 3132 1166 3173 G.
1196 3133 1342 3183 quique
1368 3134 1416 3172 V.
1448 3153 1494 3162 -
1521 3132 1582 3173 1⁷.
1608 3132 1686 3185 Ae]
1714 3136 1764 3175 G.
1795 3134 1852 3174 ad
1874 3135 1922 3173 V.

196 3218 243 3227 -—
264 3197 431 3248 ignaui]
458 3199 506 3239 V.
547 3201 679 3246 funeri
704 3201 755 3241 G.
791 3221 841 3231 —
889 3201 951 3241 u-
989 3206 1059 3240 m
1089 3200 1247 3253 qratia]
1281 3202 1330 3241 V.
1357 3202 1410 3243 Ο.
1447 3213 1496 3239 ac
1521 3203 1753 3251 mogoncia
1776 3201 1922 3241 Aldus.

198 3267 381 3306 Barnouf.
411 3286 460 3295 —
492 3265 597 3318 fert]
621 3268 843 3308 Vaticanus
868 3269 1096 3319 Douganii.
1125 3271 1175 3310 G.
1210 3268 1344 3319 fen-eur
1368 3271 1417 3309 V.
1445 3290 1490 3301 -
1540 3271 1605 3312 88.
1630 3272 1766 3319 qratia
1791 3270 1840 3312 V.
