2525 3925
631 329 734 380 112
1167 325 1247 378 C..
1265 329 1568 380 SALUS'H
1608 326 1839 380 cmsm

630 489 758 526 suos
811 475 994 540 locos,
1049 487 1229 539 arma,
1294 475 1433 538 tela,
1498 473 1809 539 alia[que]‚
1880 486 2017 536 quae
2074 487 2178 536 spe
2234 476 2395 538 pacis

629 565 918 631 amiserat,
950 564 1181 614 reficere
1215 567 1311 613 aut
1348 566 1711 625 conmercia-1,
1749 564 1977 612 servitia
2010 565 2391 614 Romanorum

629 654 870 703 adlicere
903 658 959 703 et
993 665 1086 703 eos
1120 655 1305 715 ipsos,
1358 654 1448 714 qui
1484 653 1542 700 in
1578 651 1865 714 praesidiis
1908 656 2093 715 erant,
2148 657 2393 714 pecunia

633 744 901 804 temptare
913 756 934 806 3
980 754 1204 804 prorsus
1251 740 1388 789 nihil
1434 742 1697 790 intactum
1746 751 1925 801 neque
1964 743 2211 803 quietum
2258 745 2391 804 pati,

590 835 835 883 5cuncta
871 833 1102 894 agitare.
1172 831 1349 894 Igitur
1384 830 1697 893 Vagenses,
1746 840 1851 892 quo
1891 828 2155 878 Metellus
2204 832 2391 894 initio,

627 921 889 984 Iugurtha
947 919 1303 984 pacificante,
1359 916 1687 979 praesidium
1746 919 2099 979 inposuerat,
2162 918 2389 982 fatigati

625 1009 775 1072 regis
811 1009 1096 1070 suppliciis
1131 1020 1313 1070 neque
1360 1011 1524 1056 antea
1574 1004 1857 1055 voluntate
1908 1006 2173 1070 alienati,
2230 1012 2389 1070 prin-

629 1099 778 1157 cipes
832 1097 1075 1146 civitatis
1132 1097 1277 1144 inter
1328 1108 1387 1144 se
1442 1095 1765 1156 coniurant3
1826 1106 1949 1144 nam
2004 1095 2245 1160 volgus,
2312 1099 2387 1146 uti

629 1183 943 1245 plerumque
977 1183 1150 1251 solet,
1198 1188 1255 1233 et
1292 1194 1543 1233 maxume
1576 1183 1954 1244 Numidarum,
1998 1183 2231 1248 ingenio
2272 1198 2387 1234 mo-

555 1278 620 1328 10
635 1271 750 1332 bili,
787 1253 1106 1322 seditiosum
1139 1277 1303 1334 atque
1339 1272 1728 1322 discordiosum
1754 1274 1893 1334 erat,
1928 1271 2183 1333 cupidum
2209 1285 2386 1322 nova-

627 1371 746 1410 rum
783 1372 994 1425 rerum,
1030 1361 1198 1422 quieti
1236 1362 1293 1409 et
1328 1361 1438 1408 otio
1474 1361 1779 1410 advorsum.
1852 1361 2023 1423 Dein,
2076 1364 2383 1424 conpositis

627 1439 865 1498 inter'se
903 1440 1099 1514 rebus,
1154 1449 1207 1497 in
1259 1448 1401 1498 diem
1452 1449 1669 1498 tertium
1717 1449 2090 1514 constituunt,
2149 1451 2303 1512 quod
2340 1454 2383 1498 is

627 1537 801 1586 festus
859 1535 1276 1598 celebratusque
1340 1549 1437 1598 per
1494 1548 1703 1587 omnem
1756 1537 2007 1586 Africam
2070 1536 2269 1586 ludum
2333 1545 2383 1587 et

562 1655 567 1660 ,
624 1625 910 1674 lasciviam
948 1627 1122 1690 magis
1161 1637 1321 1687 quam
1351 1625 1691 1675 formidinem
1738 1627 2067 1676 ostentabat.
2140 1626 2253 1676 Sed
2298 1629 2381 1676 nbi

553 1721 616 1772 15
631 1718 838 1776 tempus
872 1714 1005 1778 fuit,
1042 1716 1391 1764 centuriones
1430 1714 1783 1776 tribunosque
1816 1713 2071 1763 militaris
2106 1719 2167 1763 et
2208 1716 2377 1778 ipsum

626 1804 964 1865 praefectum
1001 1804 1210 1867 oppidi,
1261 1805 1324 1852 Τ.
1360 1802 1660 1864 Turpilium
1696 1801 1971 1866 Silanum,
2026 1802 2176 1851 alius
2212 1803 2379 1853 aliurn

625 1893 811 1942 domos
847 1904 976 1942 suas
1012 1894 1283 1955 invitant3
1316 1905 1412 1942 eos
1442 1893 1613 1942 omnis
1649 1896 1870 1954 praeter
1895 1889 2202 1952 Turpilium
2238 1893 2379 1944 inter

625 1981 816 2043 epulas
869 1982 1232 2046 obtruncant3
1287 1985 1481 2043 postea
1532 1979 1736 2030 milites
1790 1980 2061 2044 palantis,
2117 1982 2378 2041 inermos,

626 2071 821 2131 quippe
849 2071 910 2117 in
943 2068 1041 2119 tali
1079 2071 1165 2118 die
1200 2082 1269 2119 ac
1302 2071 1421 2119 sine
1456 2071 1701 2133 imperio,
1742 2068 2147 2133 adgrediuntur.
2226 2073 2375 2121 Ideni

549 2156 616 2205 20
629 2157 814 2219 plebes
836 2157 986 2219 facit,
1023 2170 1150 2219 pars
1176 2159 1355 2208 edocti
1386 2159 1455 2207 ab
1488 2157 1793 2223 nobilitate,
1828 2158 1926 2207 alii
1959 2159 2143 2207 studio
2183 2160 2375 2209 talium

621 2257 800 2297 rerum
837 2247 1070 2309 incitati,
1113 2248 1234 2308 quis
1274 2249 1401 2295 acta
1437 2245 1825 2309 consiliumque
1860 2248 2249 2315 ignorantibus
2290 2256 2377 2299 tu-

621 2333 822 2383 multus
857 2334 976 2395 ipse
1013 2338 1069 2383 et
1103 2346 1193 2383 res
1229 2346 1408 2385 novae
1439 2336 1575 2385 satis
1612 2335 1920 2397 placebant.

732 2422 822 2470 67.
876 2423 1106 2474 Romani
1149 2423 1379 2489 milites,
1430 2426 1711 2485 inproviso
1746 2427 1889 2473 metu
1926 2425 2125 2473 incerti
2162 2426 2379 2491 ignari-

626 2521 767 2575 que,
823 2509 948 2572 quid
987 2514 1339 2573 potissumum
1376 2514 1655 2575 facerent,
1712 2511 2019 2573 trepidare3
2076 2512 2145 2562 ad
2190 2527 2377 2565 arcem

546 2593 612 2643 25
629 2599 840 2665 oppidi,
895 2601 984 2650 ubi
1013 2601 1174 2663 signa
1209 2605 1265 2649 et
1302 2606 1459 2650 scuta
1494 2604 1683 2667 erant,
1735 2600 2060 2663 praesidium
2101 2601 2377 2669 hostinm3

623 2693 816 2749 portae
851 2692 978 2739 ante
1004 2686 1226 2739 clausae
1247 2689 1433 2750 fugam
1461 2686 1818 2749 prohibebant
1828 2703 1849 2752 3
1886 2690 1953 2739 ad
1986 2688 2091 2737 hoc
2118 2691 2379 2743 mulieres

621 2777 887 2840 puerique
924 2788 1023 2837 pro
1058 2777 1222 2825 tectis
1257 2774 1627 2825 aedificiorum
1666 2790 1803 2827 saxa
1833 2780 1890 2825 et
1919 2776 2063 2840 alia,
2110 2791 2257 2841 quae
2296 2781 2379 2829 lo-

624 2875 721 2915 cus
759 2866 1082 2929 praebebat,
1129 2864 1379 2913 certatim
1410 2865 1643 2914 mittere.
1714 2866 1800 2915 lta
1832 2875 2009 2925 neque
2046 2870 2243 2917 caveri
2275 2882 2380 2919 an-

624 2962 756 3011 ceps
805 2951 1041 3013 malum,
1096 2963 1270 3015 nequo
1304 2962 1343 3001 a
1377 2952 1705 3001 fortissumis
1754 2952 2135 3004 infirmissumo
2182 2960 2377 3019 generi

722 3184 755 3222 i.
795 3182 958 3235 auoque
981 3184 1029 3223 V.
1069 3184 1156 3224 alsa
1182 3184 1234 3226 Κ.
1279 3204 1327 3215 -
1388 3184 1429 3225 5.
1474 3182 1697 3225 vace-mee
1734 3187 1783 3225 V.
1812 3188 1862 3227 G.
1902 3207 1949 3217 --
2010 3190 2052 3225 εἰ·
2089 3190 2208 3227 inicio
2247 3190 2298 3229 V.
2332 3212 2377 3221 --

622 3254 684 3293 ¹8.
725 3254 888 3291 inermis
913 3250 961 3291 K.
993 3275 1036 3285 -
1091 3254 1152 3294 19.
1195 3260 1234 3293 et
1265 3255 1353 3292 sinc
1394 3253 1444 3292 V.
1473 3274 1521 3287 ο-
1572 3255 1633 3295 28.
1675 3254 1851 3305 petendu·
1889 3257 2100 3305 inproviso
2139 3264 2269 3303 moen,
2310 3262 2377 3297 2¹--

619 3323 723 3360 eaerea'
751 3320 794 3359 V.
824 3342 868 3351 —
920 3322 980 3361 u.
1015 3332 1092 3361 om.
1125 3322 1180 3361 ad
1202 3323 1253 3361 V.
1283 3322 1465 3363 Secia-it
1490 3322 1539 3363 Θ.

2490 2750 2496 3041 1
