2525 3925
915 332 1286 387 multotum
1320 328 1476 383 cxn.
1968 332 2075 385 821

337 484 547 533 verunt.
615 480 684 531 D.
717 481 948 549 Brutus,
989 481 1050 531 ut
1082 480 1289 542 petenti
1322 477 1650 541 cisalpinam
1684 476 1921 531 Galliam
1956 480 2075 529 Aa·

335 571 486 621 tonio
543 570 840 621 obsisteret
856 604 873 636 ,
933 570 1196 621 Mutinam
1258 580 1385 619 cum
1452 568 1703 619 exercitu
1768 568 2075 629 occupavit.

333 658 624 709 Praeterea
659 657 940 709 discursus
981 659 1264 721 utriusque
1310 658 1483 720 partis
1529 656 1773 705 virorum
1808 656 1877 706 ad
1922 656 2077 707 acci-

335 746 562 808 pte-das
597 747 910 809 provincias
943 750 1351 810 apparatusque
1386 743 1521 797 belli
1556 744 1815 795 continet.

925 870 980 953 ‘11
999 903 1020 951 i
1038 904 1070 953 b
1088 914 1120 951 e
1140 914 1169 951 r
1227 900 1475 953 cxvm.
2086 899 2116 949 5

433 1020 510 1071 Μ.
550 1021 748 1071 Brutus
781 1021 837 1069 in
873 1018 1109 1070 Graecia
1144 1020 1246 1069 sub
1281 1022 1566 1081 praetextu
1614 1020 1697 1069 rei
1741 1019 1993 1081 publicae
2024 1019 2082 1067 et

334 1110 578 1171 suscepti
615 1111 811 1159 contra
845 1111 920 1159 Μ.
959 1109 1250 1157 Antonium
1300 1106 1431 1158 belli
1467 1109 1793 1171 exercitum,
1838 1108 1926 1157 cui
1960 1108 2079 1158 Va-

335 1197 504 1246 tinius
544 1202 818 1262 praeerat,
859 1186 979 1246 cum
1016 1197 1303 1258 provincia
1336 1197 1394 1244 in
1430 1198 1757 1258 potestatem
1796 1208 1949 1247 suam
1986 1208 2079 1246 re-

334 1283 497 1348 degit.
570 1281 630 1333 G.
669 1279 913 1349 Caesari,
957 1285 1050 1347 qui
1085 1296 1185 1344 pro
1219 1294 1285 1332 re
1319 1283 1540 1347 publica
1570 1297 1722 1334 arma
1755 1288 2081 1349 sumpserat,

332 1374 708 1434 propraetoris
746 1373 1028 1433 imperium
1064 1384 1101 1423 a
1131 1375 1329 1421 senatu
1367 1373 1547 1422 datum
1582 1376 1667 1421 est
1716 1385 1834 1421 cum
1874 1359 2154 1423 consu-1⁰

330 1459 536 1510 laribus
584 1462 948 1523 ornamentis,
998 1461 1375 1523 adiectumque
1414 1463 1473 1509 ut
1510 1464 1736 1510 senator
1770 1464 1934 1510 esset.
2003 1464 2078 1511 Μ.

330 1548 600 1597 Antonius
639 1548 705 1597 D.
743 1548 970 1602 Brutum,
996 1548 1241 1597 Mutinae
1275 1548 1489 1599 obsedit
1502 1562 1521 1612 3
1556 1548 1819 1611 missique
1851 1550 1919 1597 ad
1957 1560 2078 1597 eum

329 1648 366 1684 a
399 1638 591 1685 senatu
641 1636 816 1700 legati
863 1636 930 1685 de
971 1648 1110 1697 pace
1147 1648 1339 1697 parum
1377 1637 1444 1685 ad
1487 1647 1605 1685 eam
1655 1636 2079 1697 componendam

329 1722 639 1773 valuerunt.
710 1722 951 1785 Populus
981 1725 1258 1773 Romanus
1298 1736 1436 1787 saga
1468 1722 1711 1784 sumpsit.
1781 1726 1853 1773 Μ.
1881 1724 2079 1772 Brutus

329 1810 383 1858 in
420 1810 585 1872 Epiro
611 1807 670 1859 G.
697 1814 990 1862 Antonium
1026 1816 1334 1873 praetorem
1372 1822 1490 1861 cum
1528 1810 1777 1861 exercitu
1812 1810 2074 1874 potestati
2088 1796 2151 1847 15

330 1910 462 1949 suae
497 1899 744 1950 subiecit.

964 2039 1204 2090 Liber
1256 2035 1443 2088 CXIX.

434 2145 495 2197 C.
533 2147 834 2198 Trebonius
884 2147 941 2197 in
991 2146 1126 2198 Asia
1170 2143 1367 2196 fraude
1402 2145 1461 2195 Ρ.
1497 2145 1823 2198 Dolabellae
1860 2145 2077 2197 occisus

329 2239 430 2285 est.
499 2233 582 2286 oi»
614 2238 670 2286 id
704 2235 920 2286 facinus
952 2234 1247 2287 Dolabella
1281 2237 1457 2288 hostis
1492 2247 1527 2285 a
1564 2237 1757 2286 senatu
1802 2235 2075 2286 iudicatus

329 2327 432 2372 est.
503 2320 637 2372 Cum
688 2320 748 2372 G.
797 2323 976 2374 Pansa
1023 2324 1215 2374 consul
1268 2324 1413 2373 male
1463 2321 1731 2372 adversus
1778 2322 2071 2372 Antonium
2084 2317 2152 2369 20

331 2404 658 2476 pugnasset,
706 2410 772 2458 A.
807 2410 1016 2458 Hirtius
1064 2409 1256 2459 consul
1302 2421 1422 2458 cun
1465 2410 1713 2460 exercitu
1750 2409 2078 2472 superveni-

329 2507 429 2546 ens
476 2497 616 2546 meis
650 2498 724 2546 Μ.
759 2497 984 2547 Antonii
1032 2499 1204 2560 copiis
1249 2498 1521 2548 fortunam
1570 2497 1856 2560 utriusque
1902 2497 2077 2558 partis

328 2586 601 2648 aequavit.
671 2586 869 2635 Victus
907 2583 1102 2635 deinde
1142 2587 1210 2636 ab
1245 2587 1423 2636 Hirtio
1460 2589 1516 2635 et
1542 2582 1783 2636 caesare
1805 2585 2077 2635 Antonius

327 2675 384 2722 in
424 2672 664 2722 Galliam
701 2675 981 2735 contingit,
1036 2676 1093 2722 et
1135 2673 1209 2723 Μ.
1259 2673 1522 2736 Lepidum
1577 2683 1695 2722 cum
1746 2672 2075 2738 legionibus,

331 2771 470 2824 quae
517 2763 618 2812 sui>
663 2764 782 2824 ipso
831 2765 1021 2826 erant,
1075 2763 1178 2812 sibi
1225 2763 1436 2825 iunxit3
1487 2761 1769 2824 hostisque
1800 2772 1835 2810 a
1872 2759 2179 2810 senatu25·

327 2862 449 2900 cum
489 2851 734 2900 omnibus
773 2850 863 2913 qui
899 2851 1043 2900 intra
1081 2851 1355 2912 praesidia
1390 2851 1507 2900 eius
1542 2853 1753 2913 essent,
1800 2850 2073 2900 iudicatus

252 2943 428 2988 mest.
500 2939 564 2987 A.
600 2939 834 3003 Hirtius,
887 2939 975 3001 qni
1026 2939 1152 2999 post
1194 2938 1481 2988 victoriam
1539 2940 1595 2987 in
1648 2937 1784 3000 ipsis
1837 2937 2071 2987 hostium

331 3027 528 3077 castris
563 3027 860 3093 ceciderat,
911 3029 968 3076 et
1004 3024 1064 3075 C.
1100 3028 1297 3091 Pansa,
1330 3036 1365 3076 e
1399 3025 1649 3094 vulnere,
1698 3026 1843 3089 quod
1877 3026 1933 3076 in
1969 3023 2070 3076 ad-

425 3255 466 3294 9.
505 3255 575 3306 φοι·
606 3266 684 3303 pro
717 3266 764 3292 re
792 3253 978 3306 publicu]
1015 3255 1210 3305 Sigonius
1225 3271 1236 3293 ι
1277 3256 1393 3297 Libri
1426 3259 1497 3307 qu*
1526 3257 1681 3306 nm
1704 3259 1768 3296 ναί
1796 3253 2071 3308 publicam:-

331 3322 392 3361 Ιῠ.
426 3322 722 3372 ρνορνιισίονίι]
757 3324 976 3373 sigonius:
1014 3324 1129 3364 Libri
1158 3335 1234 3374 pro
1264 3326 1412 3374 popano
1437 3325 1630 3368 Roma-o.

1600 3440 1665 3490 21
