2525 3925
515 333 628 385 858
1052 328 1419 383 Em'roMAE
1452 332 1513 383 'l'-
1550 331 1731 383 121le

516 480 888 542 coniungeret,
913 489 1033 529 oum
1055 477 1274 529 milibus
1298 478 1564 529 hominum
1588 476 1977 543 quinquaginta
1998 488 2099 529 sex
2122 488 2261 529 cae-

515 580 610 619 sus
645 571 750 634 est,
783 567 858 617 M.
882 567 1029 617 Livii
1067 568 1308 618 consulis
1344 567 1529 633 ductu,
1564 569 1661 617 sed
1697 578 1801 617 non
1840 569 2047 617 minore
2084 577 2259 628 opera

515 653 729 708 Claudii
759 656 994 707 Neronis
1041 656 1309 719 consulis,
1355 656 1447 719 qui
1483 668 1603 707 cum
1638 654 1930 705 Hannibali
1968 654 2257 718 oppositus

515 746 684 811 esset,
723 742 934 795 relictis
965 746 1164 796 castris
1186 746 1269 793 ita
1292 746 1352 795 ut
1378 746 1585 795 hostem
1610 743 1851 809 falleret,
1888 755 2007 793 cum
2032 742 2257 793 delecta

473 833 679 885 5manu
710 833 990 895 profectus
1025 831 1417 884 Hasdrubalem
1454 833 1825 883 circumvenit.

1116 1038 1163 1087 L
1183 1037 1204 1085 i
1221 1038 1254 1088 b
1274 1048 1307 1087 e
1322 1049 1353 1087 r
1400 1036 1647 1087 xxvm.

589 1168 727 1219 lies
760 1168 816 1218 in
840 1168 1102 1231 Hispania
1137 1158 1397 1232 prospere
1431 1170 1623 1234 gestae
1648 1180 1683 1218 a
1708 1167 1898 1223 Silano
1935 1173 1994 1219 et
2028 1173 2099 1223 ab
2126 1171 2249 1221 Sci-

512 1258 690 1320 pionis
725 1256 913 1321 legato
938 1257 1000 1306 L.
1024 1257 1282 1320 Scipione
1306 1257 1481 1309 fratre
1506 1258 1770 1308 adversus
1792 1257 2025 1325 Poenos,
2059 1271 2097 1308 a
2121 1258 2253 1308 Sul-

511 1347 658 1407 picio
696 1344 1023 1407 proconsule
1057 1350 1114 1395 et
1151 1346 1217 1395 ab
1244 1345 1433 1396 Attalo
1471 1358 1607 1410 rege
1632 1347 1796 1396 Asiae
1829 1347 2099 1397 adversus
2123 1346 2253 1396 Phi-

438 1432 716 1496 lolippum
751 1445 934 1504 regem
959 1435 1315 1485 Macedonum
1350 1447 1449 1495 pro
1477 1433 1693 1485 Aetolis
1728 1436 2056 1486 referuntur.
2116 1433 2254 1485 Cum

510 1524 585 1573 M.
622 1522 786 1573 Livio
825 1525 883 1573 et
921 1519 1147 1573 Claudio
1185 1524 1392 1573 Neroni
1446 1523 1757 1574 consulibus
1808 1523 2113 1587 triumphus
2154 1522 2256 1573 de-

512 1612 695 1661 cretus
729 1612 900 1677 esset,
951 1611 1174 1679 Livius,
1226 1615 1319 1674 qui
1359 1612 1415 1661 in
1451 1612 1737 1674 provincia
1769 1624 1871 1661 sua
1902 1624 2021 1663 rem
2054 1624 2255 1675 gesne-

508 1703 615 1763 rat‚
660 1700 940 1763 quadrigis
976 1702 1226 1750 invectus
1264 1703 1367 1764 est,
1402 1700 1574 1766 Nero,
1608 1701 1694 1761 qui
1730 1700 1789 1749 in
1826 1699 2079 1765 collegae
2116 1714 2255 1763 pro-

508 1789 763 1853 vinciam,
800 1792 860 1837 ut
889 1789 1183 1839 ¹victoriam
1219 1791 1337 1838 eius
1370 1787 1675 1849 adiuvaret,
1709 1790 1953 1853 venerat,
1993 1801 2139 1851 equo
2166 1794 2255 1839 est

434 1878 762 1939 15secutuS‚
813 1881 870 1926 et
908 1878 962 1925 in
1009 1878 1112 1927 hoc
1153 1877 1336 1927 habitu
1374 1876 1497 1939 plus
1544 1876 1757 1940 gloriae
1791 1879 2253 1940 reverentiaeque

506 1967 726 2018 habuit:
778 1978 900 2015 nam
959 1969 1015 2016 et
1067 1965 1190 2028 plus
1246 1967 1303 2014 in
1358 1964 1503 2016 bello
1557 1977 1717 2029 quam
1758 1965 1973 2029 collega
2018 1966 2248 2018 fecerat.

508 2055 658 2116 Ignis
693 2055 752 2103 in
788 2054 922 2104 aede
943 2054 1148 2110 Vestae
1180 2053 1517 2119 negligentia
1548 2056 1798 2120 virginis,
1834 2067 1972 2119 quae
2002 2067 2114 2105 non
2150 2067 2244 2106 cu-

505 2141 790 2203 stodierat,
828 2143 1100 2192 extinctus
1125 2146 1211 2192 est
1227 2157 1247 2206 ;
1287 2143 1445 2207 virgo
1473 2155 1635 2194 caesa
1668 2145 1755 2192 est
1788 2145 1979 2206 flagro.
2040 2145 2100 2193 P.
2124 2145 2244 2194 Sci-

506 2229 597 2291 pio
633 2229 690 2278 in
725 2229 989 2290 Hispania
1037 2240 1157 2288 cum
1205 2229 1399 2279 Poenis
1450 2231 1771 2286 debellavit,
1797 2233 1988 2293 quarto
2038 2233 2251 2283 decimo

428 2322 652 2375 2oanno
694 2317 811 2367 eius
851 2315 1012 2381 belli,
1068 2318 1254 2380 quinto
1291 2324 1415 2380 post
1452 2331 1596 2370 anno
1632 2332 1788 2382 quam
1826 2321 1971 2369 ierat
1983 2333 2003 2384 3
2053 2319 2249 2370 exclu-

501 2407 684 2469 sisque
736 2407 792 2456 in
847 2409 1019 2456 totum
1067 2408 1411 2468 possessione
1464 2407 1583 2456 eius
1637 2409 1879 2458 hostibus
1926 2408 2251 2469 Hispaniam

501 2496 728 2560 recepit.
797 2494 868 2545 Et
903 2507 938 2545 a
972 2496 1285 2545 Tarracone
1327 2497 1382 2544 in
1419 2496 1663 2546 Africam
1698 2496 1767 2546 ad
1802 2494 2115 2559 syphacem
2150 2509 2248 2547 re-

501 2595 624 2650 gem
659 2583 1094 2646 Masaesylorum
1139 2584 1343 2632 duobus
1377 2584 1614 2647 navigiis
1661 2585 2007 2636 transvectus
2047 2584 2247 2636 foedus

500 2673 691 2722 iunxit.
762 2671 1068 2722 Hasdrubal
1107 2671 1367 2734 Gisgonis
1400 2671 1475 2720 ibi
1516 2683 1637 2722 cum
1672 2685 1738 2723 eo
1774 2675 1831 2723 in
1870 2674 2060 2724 eodem
2094 2673 2246 2724 lecto

426 2763 492 2816 25
506 2762 774 2814 accubuit.
846 2761 1042 2810 Munus
1082 2758 1466 2824 gladiatorium
1512 2761 1570 2810 in
1618 2762 1871 2813 honorem
1919 2764 2093 2824 patris
2143 2776 2244 2825 pa-

501 2851 715 2912 truique
752 2850 1078 2914 Karthagini
1113 2849 1275 2898 Nova
1318 2848 1516 2918 edidit,
1561 2861 1669 2900 non
1713 2862 1781 2900 ex
1824 2849 2245 2917 gladiatoribus,

500 2934 595 2985 sed
639 2949 707 2986 ex
756 2938 826 2986 iis
873 2939 962 3001 qui
996 2940 1095 2988 aut
1133 2939 1192 2988 in
1226 2939 1481 2989 honorem
1526 2939 1679 2990 ducis
1714 2942 1811 2990 aut
1852 2952 1921 2989 ex
1965 2950 2241 3002 provoca-

595 3183 635 3223 7.
679 3187 716 3221 ee
741 3183 790 3222 ab
815 3183 1016 3234 Scipion&
1051 3186 1209 3237 legato]
1247 3185 1463 3226 Roelliusz
1506 3187 1599 3227 libri
1624 3187 1825 3238 Scipionis
1858 3189 1986 3238 legato
2024 3194 2063 3228 et
2094 3189 2159 3230 ab.
2188 3213 2235 3220 ·—

495 3251 558 3292 19.
595 3255 735 3302 quareo
759 3251 938 3302 decimo]
973 3255 1086 3292 eureio
1121 3253 1271 3293 decimo
1297 3255 1545 3296 Croviorius.
1574 3277 1623 3286 —-
1671 3257 1735 3295 28.
1760 3255 2111 3309 Masaesylorum]
2135 3257 2235 3297 uei-

498 3322 584 3362 rin·
609 3318 660 3368 (e
684 3321 876 3371 vestigii·
899 3320 1030 3361 Codd.
1057 3321 1383 3374 Mucium-un),
1416 3325 1543 3376 vulgo
1568 3325 1845 3368 Nun-eam.
