2525 3925
867 334 1222 395 cA'l'lmNA.
1842 342 1921 397 4⁸7

177 490 404 533 numero
435 479 706 531 hominum
741 482 1092 551 expleverat,
1142 497 1300 551 quo-n
1347 486 1503 537 initio
1544 500 1655 540 non
1688 488 1919 554 amplius

179 569 388 621 duobus
422 569 640 621 milibus
675 571 967 624 habuisset.
1039 575 1146 623 Sed
1183 587 1252 623 ex
1290 576 1433 624 omni
1485 579 1645 640 copia
1694 579 1921 631 circiter

179 672 308 721 pars
345 660 538 721 quarta
573 661 694 710 crat
727 660 1050 711 militaribus
1086 663 1249 713 armis
1286 663 1589 729 instructa3
1626 668 1827 733 ceteri,
1859 670 1921 717 ut

179 759 441 811 quemque
475 758 636 797 casus
661 750 990 813 armaverat,
1023 762 1215 813 sparos
1239 752 1335 800 aut
1356 751 1599 818 lanceas,
1634 752 1731 803 alii
1756 766 1921 817 prae-

178 837 370 887 acutas
421 835 574 887 sudis
621 838 927 898 portabant.
999 839 1108 889 Sed
1160 842 1439 901 postquam
1476 841 1746 892 Antonius
1796 844 1959 895 cum5

177 926 425 975 exercitu
473 925 828 987 adventabat,
884 922 1120 977 Catilina
1169 940 1268 990 per
1314 930 1511 977 montis
1562 930 1670 979 iter
1715 930 1921 996 facere,

180 1012 338 1062 modo
372 1014 440 1062 ad
476 1013 679 1078 urbem,
715 1016 872 1063 modo
905 1016 961 1063 in
991 1016 1227 1066 Galliam
1255 1029 1448 1067 vorsus
1474 1022 1659 1067 castra
1680 1031 1918 1083 movere,

179 1102 425 1151 hostibus
459 1104 797 1151 occasionem
837 1103 1109 1165 pugnandi
1147 1116 1253 1153 non
1291 1105 1449 1168 dare3
1492 1108 1749 1168 sperabat
1786 1114 1921 1169 pro:-

179 1191 393 1251 pediem
427 1202 654 1255 magnas
687 1193 872 1252 copias
906 1204 1030 1241 sese
1067 1192 1398 1255 habiturum,
1452 1196 1499 1243 si
1536 1195 1747 1245 Romae
1782 1198 1919 1246 socii
1951 1176 1963 1185 ⁸

179 1280 401 1340 incepta
425 1280 802 1340 patravissent.
857 1284 1074 1331 Interea
1097 1283 1329 1331 servitia
1352 1282 1687 1349 repudiabat,
1722 1285 1913 1346 quoius
1930 1291 1996 1343 10

177 1367 338 1417 initio
373 1368 440 1417 ad
471 1378 592 1417 eum
627 1381 854 1432 magnae
889 1371 1080 1431 copiae
1117 1371 1534 1437 concurrebant,
1567 1372 1759 1433 opibus
1786 1384 1919 1422 con-

177 1456 467 1505 iurationis
499 1456 700 1519 fretus,
751 1456 910 1505 simul
947 1455 1179 1507 alienum
1225 1460 1339 1507 suis
1378 1461 1675 1509 rationibus
1710 1462 1920 1511 existu-

179 1556 369 1610 mans,
422 1544 600 1595 videri
639 1558 857 1597 causam
895 1547 1094 1597 civium
1129 1560 1249 1597 cum
1288 1548 1467 1599 servis
1502 1549 1752 1613 fugitivis
1788 1560 1921 1599 con-

177 1634 558 1685 manicavisse.

283 1721 377 1773 57.
414 1722 524 1773 Sed
561 1726 843 1787 postquam
879 1724 935 1773 in
973 1727 1156 1775 castra
1189 1724 1413 1775 nuntius
1438 1728 1688 1787 pervenit
1710 1726 1915 1777 Romae
1933 1736 1995 1787 15

181 1812 610 1863 coniurationem
660 1812 991 1874 patefactam
1013 1847 1029 1879 ,
1082 1814 1148 1860 de
1179 1812 1416 1862 Lentulo
1458 1818 1515 1864 et
1552 1813 1791 1878 Cethego
1828 1826 1921 1865 ce-

179 1892 450 1966 terisque,
505 1912 638 1965 quos
673 1914 840 1964 supra
877 1902 1204 1966 memoravi,
1255 1901 1577 1964 supplicium
1626 1906 1920 1968 sumptum3

177 1991 461 2055 plerique,
501 2003 636 2054 quos
673 1991 742 2040 ad
779 1991 983 2044 bellum
1013 2003 1138 2052 spes
1170 1992 1482 2052 rapinarum
1521 1995 1617 2042 aut
1657 2002 1921 2042 novarum

177 2067 359 2130 rerum
394 2082 626 2132 studium
665 2080 963 2142 inlexerat,
1015 2079 1328 2128 dilabuntur
1341 2093 1359 2142 3
1412 2080 1649 2142 reliquos
1686 2077 1921 2132 Catilina

177 2182 279 2233 per
316 2171 510 2220 montis
545 2181 770 2233 asperos
802 2171 1012 2240 magnis
1043 2168 1329 2218 itineribus
1375 2170 1431 2218 in
1464 2181 1654 2231 agrum
1691 2169 1918 2220 Pistori·
1930 2173 1999 2224 20

179 2271 365 2308 ensem
409 2258 658 2322 abducit,
711 2271 779 2308 eo
829 2257 1089 2318 consilio,
1143 2258 1222 2306 uti
1270 2268 1367 2318 per
1412 2260 1655 2308 tramites
1702 2259 1921 2311 occulte

177 2348 496 2410 perfugeret
528 2349 586 2398 in
619 2346 854 2398 Galliam
897 2346 1389 2408 [Transalpinam]
1451 2347 1525 2396 At
1562 2343 1626 2410 Q.
1664 2346 1922 2398 Metellus
2002 2394 2007 2400 .

181 2433 347 2484 Celer
375 2448 495 2484 cum
533 2435 704 2486 tribus
737 2437 1042 2499 legionibus
1078 2437 1136 2484 in
1168 2447 1305 2496 agro
1329 2434 1528 2484 Piceno
1564 2435 1923 2502 praesidebat,

183 2536 256 2574 ex
283 2522 602 2572 difficultate
637 2537 814 2574 rerum
849 2527 1036 2575 eadem
1073 2523 1174 2574 illa
1205 2525 1557 2588 existumans,
1592 2536 1735 2585 quae
1756 2536 1925 2587 supra

181 2612 444 2674 diximus,
503 2609 791 2662 Catilinam
839 2615 1068 2676 agitare.
1138 2614 1343 2678 Igitur,
1396 2611 1485 2660 ubi
1530 2612 1639 2660 iter
1680 2614 1801 2662 eius
1852 2620 1996 2672 ex25

179 2702 436 2766 perfugis
473 2701 764 2764 cognovit,
819 2706 1001 2752 castra
1050 2713 1281 2764 propere
1326 2702 1509 2748 movet
1554 2711 1621 2748 ac
1654 2701 1755 2751 sub
1790 2701 1924 2762 ipsis

179 2790 460 2842 radicibus
497 2790 760 2840 montium
793 2791 1064 2855 consedit,
1110 2803 1216 2852 qua
1255 2788 1337 2838 illi
1376 2788 1670 2838 descensus
1707 2793 1829 2838 erat
1865 2790 1923 2838 ln

183 2879 423 2932 Galliam
449 2880 779 2942 properanti.
813 2879 1000 2941 Neque
1023 2883 1198 2930 tamen
1215 2878 1483 2928 Antonius
1508 2877 1698 2939 procul
1717 2879 1924 2945 aberat,

283 3139 321 3178 Β.
353 3142 516 3188 porta-e
548 3137 598 3177 V.
631 3159 674 3170 -
723 3136 762 3177 7.
803 3136 890 3190 [in]
917 3137 968 3178 G.
999 3159 1044 3170 -
1094 3139 1159 3177 11.
1197 3149 1343 3186 mayn«
1367 3137 1485 3186 cop-'a
1510 3135 1766 3177 comebat
1798 3137 1847 3177 V.
1876 3155 1925 3166 -·

186 3209 249 3248 15.
277 3208 436 3245 mentius
461 3208 504 3245 in
527 3211 662 3244 canera
685 3206 736 3246 V.
769 3229 814 3238 -
866 3205 928 3246 16.
957 3205 1146 3253 Laenio,
1173 3205 1344 3255 Cethego
1356 3233 1373 3254 ‚
1412 3207 1553 3244 ceter-ie
1576 3205 1631 3246 R.
1658 3225 1708 3236 --
1758 3210 1797 3244 ee
1818 3210 1923 3242 eece-

183 3279 245 3314 n's
271 3275 320 3315 V.
347 3295 396 3304 —
459 3275 521 3314 η.
559 3285 640 3314 om.
672 3275 978 3326 Transalpinam
1014 3274 1100 3314 eod
1153 3275 1238 3315 Erl.
1274 3274 1328 3315 K.
1359 3295 1404 3306 -
1464 3273 1528 3313 w.
1564 3275 1683 3312 movit
1717 3274 1767 3313 V.
1801 3273 1849 3314 K.
1879 3293 1924 3306 -υ

185 3345 248 3386 27.
277 3345 482 3385 ducemus
506 3348 592 3382 nat
617 3342 677 3382 illa·
702 3343 750 3383 V.

2066 1290 2099 1321 ἱ
