2525 3925
513 360 626 411 82⁰
1055 358 1423 412 EPITOMAE
1456 360 1515 411 Τ.
1550 360 1731 411 Livii

507 506 634 555 runt
671 504 746 553 Μ.
777 506 974 555 Brutus
1023 508 1080 554 et
1127 504 1185 554 Ο.
1223 504 1447 555 casnm
1498 509 1553 555 et
1602 516 1670 553 ex
1707 502 1963 557 Caesaris
2013 507 2297 567 partibus

507 593 574 641 D.
615 594 816 642 Brutus
865 597 923 641 et
967 590 1026 642 C.
1061 594 1393 654 Trebonius,
1442 594 1497 641 in
1535 594 1783 655 Pompeii
1832 595 1989 643 curia
2038 589 2369 645 occisus⁷¹⁰

509 684 593 729 est
628 681 828 743 viginti
875 681 1048 729 tribus
1090 679 1440 745 vulneribus,
1494 685 1927 742 occupatumque
1965 682 2035 730 ab
2084 683 2291 731 inter-

507 766 804 816 fectoribus
871 769 986 817 eius
1042 763 1385 827 Capitolium.
1473 764 1761 816 oblivione
1814 766 2011 816 deinde
2070 770 2293 818 caedis

469 857 633 909 5eius
669 867 704 904 a
737 856 930 903 senatu
959 856 1196 917 decreta,
1234 854 1508 904 obsidibus
1534 856 1756 902 Antonii
1792 859 1848 903 et
1885 855 2082 917 Lepidi
2122 855 2291 905 libe·

503 943 581 989 ris
617 944 854 1002 acceptis
890 943 1157 990 coniurati
1195 954 1228 989 a
1269 938 1534 1002 Capitolio
1572 941 1985 990 descenderunt.
2056 942 2287 992 'resta-

501 1029 683 1078 mento
710 1025 960 1077 Caesaris
985 1028 1146 1076 heres
1171 1040 1236 1077 ex
1263 1032 1417 1090 parte
1443 1028 1659 1076 dimidiu
1689 1029 1967 1077 institutus
1992 1024 2052 1076 G.
2084 1026 2283 1079 Octa-

502 1116 625 1163 vius
660 1118 866 1164 sororis
903 1127 1091 1180 nepos,
1128 1118 1183 1164 et
1218 1117 1273 1162 in
1312 1127 1510 1164 nomen
1546 1118 1840 1177 adoptatus
1876 1117 1977 1165 est.
2040 1114 2279 1166 Caesa—

499 1204 579 1248 ris
615 1212 809 1262 corpus
847 1214 966 1249 cum
1012 1204 1070 1249 in
1107 1214 1353 1263 campum
1390 1203 1650 1250 Martium
1698 1202 1967 1265 ferretur,
2018 1215 2055 1251 a
2100 1204 2279 1263 plebe

432 1293 499 1343 10
515 1288 642 1335 ante
667 1288 868 1337 Rostra
901 1291 1195 1337 crematum
1222 1292 1322 1337 est.
1394 1288 1713 1338 Dictaturae
1748 1291 1918 1338 honos
1948 1291 2005 1337 in
2044 1302 2275 1352 perpe-

510 1377 656 1422 tuum
684 1374 930 1424 sublatus
955 1379 1054 1424 est.
1127 1374 1184 1425 C.
1209 1378 1475 1441 Amatius,
1512 1376 1843 1425 humillimae
1870 1378 2035 1426 sortis
2076 1378 2273 1445 lio-o,

503 1462 596 1522 qui
633 1472 692 1510 se
719 1458 775 1509 C.
803 1464 963 1511 Marii
1003 1462 1168 1513 fllium
1203 1464 1429 1526 ferebat,
1472 1476 1597 1513 cum
1633 1462 1773 1525 apud
1810 1462 2096 1513 credulum
2138 1465 2271 1528 ple-

504 1549 626 1597 bem
663 1550 961 1599 seditiones
997 1552 1266 1617 moveret,
1302 1556 1529 1601 necatus
1567 1554 1663 1600 est.

1121 1706 1165 1753 [a
1186 1706 1206 1753 i
1227 1706 1258 1757 b
1278 1717 1357 1754 er
1414 1704 1641 1755 cxvln

423 1816 484 1867 15
607 1808 666 1860 C.
707 1812 966 1861 Octavius
1001 1812 1228 1861 Romam
1266 1823 1335 1859 ex
1370 1810 1540 1873 Epiro
1572 1812 1725 1860 venit
1769 1814 1864 1869 (eo
1897 1811 2042 1860 enim
2084 1812 2267 1863 illum

495 1892 699 1947 Caesar
751 1886 1143 1962 praemiserat,
1199 1898 1403 1948 bellum
1458 1899 1516 1945 in
1566 1898 1889 1948 Macedonia
1936 1902 2261 1966 gesturus),

496 1985 864 2048 ominibusque
913 1988 1186 2048 prosperis
1236 1990 1499 2048 exceptus
1549 1987 1711 2036 etiam
1758 1997 1949 2035 nomen
1988 1984 2261 2040 caesaris

493 2073 736 2132 sumpsit.
808 2075 870 2121 ln
907 2075 1224 2122 confusione
1262 2085 1439 2122 rerum
1478 2085 1545 2124 ac
1582 2073 1808 2123 tumultu
1835 2073 2077 2135 Lepidus
2106 2088 2256 2138 pon-

494 2158 756 2208 tificatum
800 2161 1091 2208 maximum
1142 2163 1450 2222 intercepit.
1524 2163 1633 2210 Sed
1678 2160 1751 2208 M.
1786 2163 2060 2210 Antonius
2110 2175 2253 2212 con-

417 2243 597 2309 20sul,
635 2257 752 2293 cum
793 2247 1124 2307 impotenter
1161 2248 1545 2311 dominaretur,
1581 2249 1873 2310 legemque
1912 2247 1979 2297 de
2015 2260 2249 2310 permu-

494 2332 697 2381 tatione
753 2334 1159 2394 provinciarum
1214 2345 1312 2395 per
1365 2337 1475 2384 vim
1532 2335 1777 2396 tulisset,
1836 2338 1893 2384 et
1944 2334 2247 2386 Caesarem

489 2431 730 2484 quoque,
779 2425 1083 2487 petentem,
1129 2425 1189 2471 ut
1225 2423 1330 2471 sibi
1368 2422 1635 2472 adversus
1667 2434 2020 2484 percussores
2058 2435 2244 2472 avun-

490 2505 601 2556 culi
637 2507 883 2570 adesset,
935 2511 1148 2572 magnis
1191 2511 1409 2558 iniuriis
1445 2507 1747 2571 affecisset,
1796 2505 2003 2560 Caesar
2042 2513 2100 2560 et
2130 2511 2245 2561 sibi

491 2598 550 2643 et
591 2597 669 2644 rei
707 2596 957 2656 publicae
997 2597 1146 2647 vires
1182 2596 1449 2645 adversus
1488 2609 1606 2646 eum
1648 2599 1937 2657 paraturus
1975 2599 2242 2648 deductos

411 2687 476 2738 25
489 2683 545 2730 in
573 2681 815 2731 colonias
850 2686 1142 2732 veteranos
1171 2685 1450 2732 excitavit.
1506 2683 1780 2746 Legiones
1805 2695 2017 2744 quoque
2042 2689 2241 2747 quarta

489 2770 544 2817 et
575 2771 777 2818 Martia
812 2769 970 2832 signa
1008 2771 1076 2818 ab
1109 2771 1349 2818 Antonio
1378 2769 1447 2819 ad
1485 2768 1769 2820 Caesarem
1808 2771 2066 2820 tulerunt.
2118 2774 2238 2822 De-

487 2854 613 2903 inde
651 2858 707 2903 et
744 2856 1046 2916 complures
1071 2858 1307 2906 saevitia
1329 2859 1402 2907 Μ.
1428 2859 1667 2920 Antonii,
1702 2858 1901 2918 passim
1940 2859 1997 2906 in
2035 2861 2239 2908 castris

484 2941 600 2988 suis
639 2942 965 2992 trucidantis
1003 2945 1096 3006 qui
1131 2946 1371 3005 suspecti
1408 2949 1586 3011 erant,
1614 2946 1680 2995 ad
1719 2943 2017 2994 Caesarem
2050 2945 2241 2995 desci-

581 3102 622 3143 7,
663 3115 713 3142 σο
745 3112 864 3152 poree
897 3107 1088 3165 dimidia]
1127 3108 1256 3146 Immo
1291 3121 1341 3146 ea·
1374 3107 1591 3154 Mance,
1626 3113 1736 3148 teste
1769 3108 1937 3148 Sueten.
1960 3093 2054 3148 ‘1³1.
2082 3109 2146 3149 8⁸.
2180 3128 2237 3139 -

484 3168 543 3208 ¹⁸·
575 3168 728 3222 filiu-⁸]
765 3173 892 3212 immo
926 3181 1132 3224 moen,
1173 3181 1281 3216 test·
1304 3176 1391 3216 cio.
1416 3175 1581 3216 nanu.
1610 3176 1675 3223 n,
1699 3176 1764 3216 co.
1790 3195 1839 3204 -
1889 3176 1951 3216 ss.
1986 3177 2236 3220 mdo-u.

482 3257 502 3270 ·
539 3257 562 3268 -
598 3237 735 3290 want]
771 3239 982 3282 menevia
1019 3248 1186 3284 metor·
1221 3242 1403 3284 Bokker.
1444 3242 1561 3282 Libri
1596 3243 1813 3290 metanti,
1848 3244 1945 3292 quia
1978 3249 2019 3282 ce
2050 3247 2237 3294 mecei

484 3311 607 3346 orm.
