2525 3925
566 356 645 408 m
674 357 740 409 11.
774 356 1101 411 sanatum
1138 354 1556 411 CATILINAM·
1817 356 1926 409 20³

182 504 294 555 aut
314 503 440 555 ΙΙΙ.
464 504 614 557 Non.
637 506 923 558 Decembr.
958 505 1137 557 tertia
1168 506 1366 573 viyilia
1399 506 1582 557 noctis
1604 504 1758 557 iussu
1791 519 1928 557 con-

180 592 331 643 sulis
364 608 407 643 a
439 595 506 645 L.
554 594 781 645 Valerio
822 596 1034 647 Flacco
1077 598 1134 646 et
1176 594 1237 646 C.
1276 593 1594 659 Pomptinio
1634 594 1926 657 praetori-

182 684 288 733 bus
322 682 385 732 in
428 686 601 747 ponte
632 682 849 734 Mulvio
884 684 1261 747 comprehensi
1305 686 1436 734 sunt
1483 686 1540 733 et
1580 682 1769 746 prima
1805 683 1928 732 luce

180 773 267 822 ad
318 770 641 822 Ciceronem
693 770 933 823 deducti.
1014 772 1123 823 Hic
1173 771 1466 823 arcessitis
1521 770 1929 823 coniurationis

180 859 537 923 principibus
573 862 629 911 et
662 864 861 911 senatu
902 860 963 910 in
1000 859 1348 913 Concordiae
1393 862 1585 911 aedem
1621 860 1927 909 convocato

184 962 311 999 rem
338 960 553 999 omnem
577 948 749 1000 certis
777 948 1001 999 indiciis
1036 952 1091 999 et
1128 948 1338 998 litteris
1369 946 1658 1011 patefecit.
1727 948 1928 1013 Itaque

182 1048 386 1087 novem
441 1036 847 1089 coniurationis
900 1036 1246 1101 principibus
1295 1036 1355 1087 in
1408 1036 1724 1087 custodiam
1775 1035 1928 1086 datis

184 1127 422 1175 senatus
449 1123 707 1177 Ciceroni
744 1126 1115 1177 testimonium
1150 1128 1519 1177 conservatae
1554 1124 1640 1175 rei
1669 1124 1928 1187 publicae

187 1216 245 1264 et
298 1226 504 1264 novum
551 1213 981 1278 supplicationis
1032 1228 1205 1279 yenus
1252 1214 1516 1265 decrevit.
1601 1214 1718 1273 Quo
1769 1211 1928 1276 facto

192 1302 393 1353 Cicero
440 1301 642 1353 iterum
676 1302 735 1351 in
774 1302 1085 1353 contionem
1121 1315 1457 1368 progressus
1491 1316 1544 1352 a.
1583 1303 1635 1351 d.
1671 1301 1791 1351 III.
1828 1302 1930 1350 aut

186 1390 343 1454 prid.
376 1392 513 1443 Kal.
545 1392 678 1443 Dec.
732 1390 1062 1441 oratione
1106 1390 1336 1442 tertia
1369 1393 1426 1441 et
1459 1403 1602 1455 quae
1633 1389 1694 1439 in
1729 1392 1928 1439 senatu

189 1482 329 1531 acta
366 1483 551 1531 essent
586 1479 905 1543 eoeposuisse
949 1481 1005 1529 et
1048 1481 1125 1529 ad
1173 1479 1674 1531 concelebrandam
1707 1476 1928 1541 snppli-

192 1568 468 1620 cationem
503 1568 609 1619 sibi
644 1584 683 1619 a
724 1571 926 1619 senatu
964 1569 1251 1619 decretam
1291 1569 1558 1632 populum
1599 1567 1928 1617 cohortatus

192 1670 315 1707 esse
341 1656 593 1723 finyitur.
664 1656 913 1722 Denique
936 1656 1118 1708 Nonis
1143 1656 1534 1707 Decembribus
1570 1668 1694 1705 cum
1727 1656 1928 1705 senatu
2023 1672 2032 1681 ·

190 1747 259 1795 de
302 1744 601 1808 puniendis
646 1745 959 1796 coniuratis
1004 1746 1348 1796 deliberante
1383 1745 1526 1794 duae
1569 1744 1750 1793 essent
1795 1754 1924 1791 sen-

192 1834 435 1897 tentiae,
485 1836 677 1884 altera
712 1835 782 1884 D.
820 1834 974 1884 Iunii
1006 1832 1193 1884 Silani
1228 1846 1339 1883 cos.
1382 1831 1661 1897 desiynati
1707 1830 1926 1894 snppli-

190 1922 336 1992 cium
381 1922 702 1985 suadentis,
756 1924 949 1973 altera
996 1920 1055 1972 C.
1098 1920 1237 1972 Iulii
1289 1919 1557 1971 Caesaris
1603 1918 1960 1972 coniuratos

190 2011 351 2062 bonis
380 2011 685 2074 publicatis
722 2025 829 2074 per
862 2009 1169 2073 municipia
1202 2008 1597 2061 custodiendos
1633 2021 1751 2060 esse
1793 2021 1926 2059 cen-

187 2099 384 2167 sentis,
422 2100 647 2151 tandem
672 2099 951 2150 sententia
972 2099 1160 2150 Silani
1192 2099 1445 2166 severior
1471 2096 1703 2150 Catonis
1727 2100 1927 2150 aucto-

186 2189 365 2239 ritate
391 2191 462 2250 et,
501 2191 565 2238 ut
593 2189 845 2254 plerique
870 2189 1187 2240 etiamnunc
1214 2187 1370 2253 falso
1399 2187 1726 2252 opinantur,
1765 2200 1926 2238 ora-

190 2277 389 2327 tione
434 2271 718 2328 Ciceronis
762 2281 1033 2343 quarta
1078 2277 1467 2330 commendata
1502 2276 1672 2329 vicit.'
1723 2276 1928 2339 Itaque

188 2369 423 2418 senatus
466 2368 719 2416 consulto
754 2365 813 2416 in
846 2368 992 2416 hanc
1024 2366 1358 2417 sententiam
1390 2364 1551 2429 facto
1593 2367 1661 2417 de
1695 2364 1928 2430 quinque

190 2453 506 2506 coniuratis
540 2453 600 2503 in
633 2467 865 2505 carcere
898 2455 1225 2518 supplicium
1270 2457 1355 2504 est
1399 2457 1714 2518 sumptum5
1764 2451 1926 2503 Cati-

87 2538 92 2542 ’
186 2544 311 2593 lina
346 2543 534 2592 autem
570 2555 693 2592 cum
728 2541 1012 2606 plerisque
1044 2543 1214 2593 sociis
1246 2542 1307 2592 in
1339 2542 1565 2606 praelio
1594 2539 1927 2592 Pistoriensi

186 2633 335 2683 Non.
372 2630 611 2680 Ianuar.
652 2645 706 2680 a.
750 2631 813 2679 U.
852 2645 900 2682 c.
936 2632 1052 2681 692.
1091 2630 1309 2682 cecidit.

288 2876 329 2922 Ι.
389 2869 679 2935 Quousque
704 2871 922 2921 tandem
959 2864 1201 2935 abutere,
1240 2869 1496 2933 Catilina,
1534 2869 1797 2931 patientia
1820 2865 1960 2917 κιο-1

185 2953 349 3012 stra?
410 2961 661 3024 quamdiu
712 2961 881 3010 etiam
934 2961 1091 3010 furor
1146 2961 1251 3009 iste
1303 2963 1426 3009 tuus
1483 2959 1645 3018 [nos]
1697 2948 1928 3006 eludet?

185 3063 349 3113 quem
382 3051 451 3100 ad
482 3048 645 3100 finem
678 3061 803 3100 sese
827 3047 1091 3100 effrenata
1113 3049 1347 3100 iactabit
1377 3037 1654 3128 audacias?
1706 3045 1928 3096 Nihilne

285 3286 337 3336 5.
367 3287 403 3325 1.
432 3296 504 3324 nou
530 3287 621 3324 nine
643 3288 762 3326 uncie
788 3285 989 3326 Klotziun.
1026 3283 1229 3325 Absolute
1252 3289 1318 3322 ent
1341 3283 1462 3324 etiam
1486 3285 1530 3322 in
1541 3281 1682 3322 Pinna.
1697 3282 1766 3328 88,
1787 3281 1851 3322 82,
1881 3301 1928 3310 —

184 3357 357 3394 omnim
390 3353 528 3394 boran
550 3353 601 3393 Κ.
