2525 3925
918 308 1287 364 nunonem
1321 308 1475 361 CXD.
1960 312 2069 363 828

333 464 392 509 et
440 461 512 509 M.
558 456 856 509 Ciceronis.
943 458 1114 509 liuius
1167 460 1341 508 occisi
1396 470 1431 509 a
1481 454 1712 517 Popillio
1765 456 2073 520 legionario

333 548 522 613 milite,
556 558 674 597 cnm
716 545 941 597 haberet
971 534 1145 597 'annos
1179 547 1468 609 sexaginta
1501 550 1632 608 tres,
1668 547 1831 607 caput
1860 556 2072 607 quoqne

333 647 457 683 cum
491 634 681 683 dextra
705 644 867 683 manu
898 634 951 681 in
979 634 1194 683 Rostris
1220 634 1450 695 positum
1482 636 1581 681 est.
1650 631 1943 683 Praeterea
1978 646 2072 684 res
2169 651 2187 658 ν

330 737 365 771 a
401 724 473 771 Μ.
511 724 677 772 Bruto
715 721 768 769 in
806 722 1044 774 Graecia.
1078 723 1266 785 gestas
1306 722 1566 771 continet.

969 866 1207 915 Liber
1259 862 1447 916 CXXI.
2080 876 2111 925 5

435 972 492 1023 C.
530 972 778 1039 Cassius,
825 974 912 1023 cui
950 974 1263 1023 mandatum
1305 986 1340 1023 a
1374 975 1566 1022 senatu
1603 975 1753 1037 erat,
1804 974 1861 1023 ut
1897 971 2069 1023 Dola-

330 1062 527 1113 bellam
565 1063 775 1112 hostem
812 1060 1107 1111 iudicatum
1146 1060 1293 1113 bello
1328 1058 1780 1127 persequeretur,
1828 1061 2071 1111 auctori-

329 1153 443 1199 tate
495 1154 577 1201 rei
623 1151 875 1213 publicae
921 1151 1136 1200 adiutus
1176 1150 1399 1213 syriam
1436 1162 1554 1199 cum
1600 1149 1771 1198 tribus
1810 1149 2071 1199 exerciti·-

326 1238 445 1300 bus‚
481 1240 573 1300 qui
612 1240 669 1290 in
706 1239 898 1289 eadem
933 1239 1220 1303 provincia
1255 1242 1431 1302 erant,
1466 1238 1521 1285 in
1560 1239 1881 1300 potestatem
1917 1248 2070 1287 suam

327 1325 577 1393 redegit,
625 1326 965 1377 Dolabellam
1012 1328 1072 1376 in
1119 1327 1251 1376 urbe
1286 1325 1561 1376 Laodicea
1605 1326 1885 1376 obsessum
1930 1326 2068 1375 mori
2082 1326 2148 1378 10

329 1413 526 1477 coegit.
595 1416 669 1465 M.
709 1427 921 1478 quoque
957 1416 1110 1465 Bruti
1150 1416 1303 1466 iussu
1340 1411 1403 1467 G.
1438 1415 1709 1466 Antonius
1745 1416 1936 1476 captus
1971 1425 2069 1463 oc-

326 1502 474 1551 cisus
513 1505 614 1553 est.

948 1598 1186 1649 Liber
1233 1593 1444 1649 oxxn.

426 1705 502 1753 M.
533 1705 734 1755 Brutus
779 1702 1050 1753 advorsus
1093 1704 1339 1755 Thracas
1387 1716 1650 1769 prospere
1696 1713 1814 1755 rem
1858 1705 2035 1769 gessit
2046 1719 2067 1768 3

322 1792 672 1853 omnibusque
723 1792 1108 1841 transmarinis
1163 1794 1467 1854 provinciis
1520 1794 1957 1857 exercitibusque
2010 1794 2137 1850 in15

322 1879 658 1943 potestatem
674 1881 678 1888 '
695 1880 816 1929 eius
853 1883 910 1929 et
943 1876 1004 1929 0.
1041 1876 1218 1931 Cassii
1265 1880 1539 1949 redactis,
1588 1882 1836 1934 coierunt
1871 1884 2071 1945 Smyr—

321 1977 427 2017 nae
453 1968 787 2030 uterqne'ad
821 1969 1122 2020 ordinanda
1152 1969 1287 2021 belii
1319 1971 1489 2021 futuri
1514 1971 1763 2022 consilia.
1814 1974 1889 2023 M.
1914 1973 2071 2022 Mes·-
2169 1971 2180 1977 ”

319 2055 494 2106 saliae
519 2055 850 2118 Poplicolam
879 2057 1106 2108 mtrem
1130 2059 1335 2109 victum
1368 2061 1637 2110 communi
1668 2059 1903 2110 consilio
1930 2071 2067 2110 con·-

319 2145 679 2195 donaverunt.

927 2248 973 2295 11
993 2247 1014 2296 i
1037 2247 1069 2297 b
1089 2259 1168 2298 er
1217 2244 1460 2298 cxxm.
1796 2253 1801 2260 ‘
2064 2253 2135 2305 20

422 2345 548 2395 Sex.
583 2343 866 2407 Pompeius
905 2347 1096 2410 Magni
1142 2345 1319 2408 filius,
1375 2347 1540 2399 lectis
1593 2359 1661 2398 ex
1716 2347 1881 2411 Epiro
1938 2359 2066 2410 pro-

319 2433 544 2493 scriptis
580 2441 647 2482 ac
683 2434 964 2498 fugitivis,
1024 2446 1143 2484 cum
1190 2437 1438 2484 exercitu
1485 2437 1576 2486 diu
1624 2438 1744 2486 sine
1794 2435 1909 2486 ulla
1954 2435 2068 2485 loci

320 2521 635 2582 cuiusquam
692 2523 1038 2583 possessione
1089 2525 1381 2584 praedatus
1429 2525 1485 2572 in
1535 2525 1701 2591 mari,
1760 2527 2069 2574 Messanam

319 2608 573 2668 oppidum
620 2609 676 2658 in
713 2608 908 2659 Sicilia
953 2613 1212 2675 primum,
1266 2610 1461 2662 deinde
1512 2615 1678 2662 totam
1729 2613 2067 2674 provinciam

318 2697 657 2759 occupavit3
705 2698 1003 2760 occisoque
1055 2689 1119 2747 A.
1157 2698 1411 2761 Pompeio
1458 2701 1751 2763 Bithynico
1803 2705 2139 2763 praeterear>

318 2778 384 2845 Q.
421 2784 793 2834 Salvidienum
843 2785 1083 2848 legatum
1119 2785 1373 2837 Caesaris
1423 2789 1612 2839 navali
1662 2788 1875 2850 proelio
1913 2789 2065 2838 vicit.

320 2869 527 2924 Caesar
563 2875 621 2922 et
653 2874 921 2922 Antonius
959 2886 1076 2924 cum
1116 2876 1448 2925 exercitibus
1482 2879 1538 2926 in
1567 2876 1858 2928 Graeclam
1897 2878 2066 2928 traie-

317 2964 538 3023 cerunt,
587 2958 793 3008 bellum
831 2965 1023 3012 contra
1065 2965 1282 3013 Brutum
1317 2966 1374 3012 et
1410 2961 1655 3013 Cassium
1698 2967 1924 3028 gesturi.
1996 2961 2063 3028 Q.

319 3042 643 3097 Cornificius
680 3049 737 3096 in
774 3048 968 3098 Africa
1009 3050 1069 3099 Τ.
1106 3049 1369 3117 Sextium,
1408 3049 1789 3102 Cassianarum
1824 3054 2062 3116 partium

317 3135 542 3196 ducem,
579 3136 793 3197 proelio
829 3138 982 3188 vicit.
2073 3141 2139 3192 30

409 3299 472 3339 Β.
511 3299 558 3348 Q.
590 3299 826 3349 Cornificius
862 3323 881 3332 -
923 3323 941 3333 -
979 3302 1098 3355 vicie]
1138 3304 1246 3344 naec
1283 3311 1450 3345 auctore
1485 3305 1611 3346 Dion·
1637 3306 1783 3346 Cassio
1808 3307 1883 3351 48,
1909 3305 1972 3344 si.
2001 3306 2059 3344 ila
