2525 3925
889 329 1244 385 CATILINA.
1375 335 1383 344 “
1868 336 1941 387 88

193 468 396 547 antea,
445 486 508 529 se
540 479 758 530 tertium
794 488 948 543 esse,
1001 482 1128 539 quoi
1175 480 1347 531 fatum
1380 480 1527 531 foret
1562 480 1708 532 urbis
1742 482 1939 549 potiri3

193 572 483 633 praeterea
537 570 606 619 ab
655 570 882 619 incenso
925 567 1196 632 Capitolio
1243 569 1398 619 illum
1447 582 1569 621 esse
1614 554 1938 634 vigesimum

191 670 414 725 annum,
439 670 597 720 quem
623 660 790 719 saepe
811 670 880 707 ex
902 660 1165 722 prodigiis
1190 658 1503 721 haruspices
1526 658 1937 720 respondissent

195 746 346 799 bello
401 747 557 797 civili
615 750 893 817 cruentum
946 748 1081 797 fore.
1170 739 1346 811 Igitur
1409 746 1667 809 perlectis
1711 747 1935 816 litteriS,

197 846 356 898 quom
390 837 540 897 prius
577 838 956 899 omnes-signa
992 848 1094 885 sua
1127 837 1546 902 cognovissent,
1576 838 1797 886 senatus
1836 836 1997 894 ‹ie-5-

195 925 390 991 cernit‚
425 925 504 973 uti
538 924 787 975 abdicato
821 926 1142 987 magistratu
1177 922 1463 992 Lentulus,
1499 924 1730 988 itemque
1766 925 1938 976 ceteri

195 1014 256 1062 in
289 1013 482 1063 liberis
520 1013 782 1064 custodiis
815 1013 1127 1063 habeantur.
1186 1014 1375 1075 Itaque
1410 1014 1675 1063 Lentulus
1711 1014 1767 1062 P.
1790 1014 1936 1063 Len-

193 1102 315 1151 tulo
355 1102 658 1166 Spintheri,
693 1102 783 1163 qui
821 1105 934 1151 tum
969 1101 1160 1151 aedilis
1197 1106 1348 1168 erat,
1384 1098 1651 1166 Cethegus
1693 1099 1758 1165 Q.
1802 1098 1941 1153 Cor-

197 1188 406 1256 nificio,
445 1188 692 1241 Statilius
727 1184 801 1241 G.
839 1186 1094 1252 Caesari,
1133 1190 1395 1241 Gabinius
1427 1192 1501 1241 Μ.
1538 1186 1760 1258 Crasso,
1792 1187 1941 1241 ‘Cae-

197 1278 392 1341 parius
449 1282 607 1337 (nam
651 1282 700 1329 is
749 1278 936 1341 paullo
989 1284 1116 1329 ante
1161 1290 1232 1329 ex
1279 1280 1413 1343 fuga
1453 1280 1728 1331 retractus
1778 1280 2017 1337 erat310

194 1366 302 1416 Gn.
341 1366 590 1417 Terentio
623 1369 867 1417 senatori
903 1366 1201 1418 traduntur.

301 1454 390 1504 48.
444 1457 662 1506 Interea
717 1455 907 1519 plebes
927 1490 944 1523 ‚
1009 1458 1383 1507 coniuratione
1432 1458 1747 1525 patefacta,
1806 1470 1943 1521 quae

195 1545 370 1607 primo
407 1544 604 1606 cupida
637 1556 817 1595 rerum
852 1557 1113 1595 novarum
1151 1548 1309 1595 nimis
1346 1547 1492 1596 bello
1528 1548 1783 1611 favebat,
1819 1557 1941 1597 mu-

195 1636 316 1684 tata
349 1634 528 1682 mente
549 1628 832 1683 ‘Catilinae
879 1635 1112 1683 consilia
1149 1636 1455 1699 exsecrari,
1516 1632 1836 1685 Ciceronem
1870 1636 1941 1685 ad

199 1722 410 1773 caelum
433 1720 664 1784 tollere3
700 1720 876 1771 veluti
901 1734 968 1770 ex
989 1725 1258 1772 servitute
1285 1726 1472 1785 erepta
1494 1722 1746 1787 gaudium
1771 1725 1933 1785 atque
1950 1724 2013 1777 15

197 1811 462 1861 laetitiam
498 1810 760 1873 agitabat.
829 1810 1074 1873 Namque
1108 1811 1218 1861 alia
1255 1810 1389 1864 belli
1422 1812 1669 1861 facinora
1700 1809 1941 1873 praedae

195 1901 372 1964 magis
408 1908 565 1962 quam
605 1898 928 1949 detrimento
965 1900 1116 1964 fore,
1169 1899 1475 1949 incendium
1520 1910 1655 1949 vero
1704 1899 1941 1965 crudele,

193 1991 586 2040 inmoderatum
606 1999 674 2038 ae
689 1989 795 2039 sibi
817 2001 1063 2039 maxume
1089 1989 1461 2039 calamitosum
1484 1989 1725 2051 putabat,
1744 1990 1941 2052 quippe

197 2079 328 2142 quoi
363 2091 550 2129 omnes
586 2080 776 2141 copiae
821 2081 880 2128 in
930 2089 1031 2127 usu
1077 2079 1353 2128 cotidiano
1400 2079 1454 2127 et
1502 2077 1651 2126 cultu
1697 2081 1941 2140 corporis

195 2169 373 2218 erant.
428 2166 558 2216 Post
595 2179 718 2216 eum
742 2168 884 2216 diem
914 2168 1125 2228 quidam
1159 2168 1224 2215 IA-
1249 2167 1572 2228 ¹‘tarquinius
1596 2167 1663 2218 ad
1692 2171 1935 2217 senatum
1948 2169 2017 2220 20

193 2257 462 2306 adductus
497 2255 706 2322 [erat]‚
763 2267 918 2318 quem
959 2257 1029 2306 ad
1067 2253 1361 2304 Catilinam
1400 2255 1836 2318 proficiscentem
1872 2267 1941 2305 ex

193 2346 400 2396 itinere
425 2345 716 2394 retractum
743 2345 976 2394 aiebant.
1029 2345 1103 2409 Ie,
1136 2356 1293 2406 quom
1326 2355 1387 2394 se
1426 2345 1637 2394 diceret
1668 2343 1941 2394 indicatu-

195 2443 323 2482 rum
357 2433 428 2480 de
463 2433 854 2499 coniuratione,
889 2435 938 2482 si
973 2433 1106 2482 fides
1139 2433 1360 2496 publica
1396 2433 1523 2483 data
1564 2435 1725 2501 esset,
1758 2435 1941 2482 iussus

201 2533 240 2571 a
264 2519 490 2570 consule
525 2531 659 2580 quae
693 2523 861 2571 sciret
901 2520 1136 2588 edicere,
1170 2521 1357 2572 eadem
1394 2523 1513 2570 fere
1549 2533 1685 2582 quae
1710 2520 1939 2572 Voltur-

198 2611 341 2676 cius,
375 2603 456 2656 de‘
477 2609 684 2670 paratis
711 2611 990 2673 incendiis,
1028 2609 1094 2659 de
1125 2611 1293 2660 caede
1322 2611 1604 2674 bonorum,
1642 2609 1707 2656 de
1741 2607 2013 2664 itinere25

167 2699 434 2748 -hostium
457 2700 704 2748 senatum
728 2699 912 2761 docet3
937 2702 1222 2760 praeterea
1243 2711 1307 2748 se
1328 2699 1547 2747 missum
1573 2708 1607 2744 a
1632 2697 1707 2746 M.
1722 2693 1939 2760 Crasso,

199 2789 294 2850 qui
331 2783 598 2836 Catilinae
635 2787 942 2851 nuntiaret,
991 2797 1060 2836 ne
1106 2801 1224 2836 eum
1265 2786 1533 2837 Lentulus
1576 2786 1631 2835 et
1670 2781 1941 2849 Cethegus

197 2877 402 2938 aliique
425 2887 496 2924 ex
517 2877 894 2926 coniuratione
913 2876 1232 2937 deprehensi
1258 2875 1547 2936 terrerent,
1572 2883 1743 2936 eoque
1767 2875 1943 2936 magis

198 2965 518 3028 properaret
541 2966 610 3015 ad
647 2965 830 3016 urbem
863 2965 1150 3029 accedere,
1185 2977 1291 3028 quo
1322 2967 1378 3014 et
1402 2967 1708 3014 ceterorum
1732 2962 1941 3015 animos

299 3136 336 3175 1.
366 3138 522 3176 tertiam·
546 3147 592 3174 se
611 3135 663 3175 V.
695 3159 740 3167 —
775 3137 814 3176 8.
840 3137 1044 3186 πικρὴ-ω
1069 3137 1118 3177 G.
1153 3141 1293 3175 contra
1318 3135 1526 3185 Inscriptt.
1556 3153 1603 3162 -·
1639 3133 1678 3174 ⁷.
1705 3133 1941 3174 haberentur

199 3203 253 3244 K.
278 3225 328 3233 —
353 3205 414 3244 11.
446 3204 494 3244 ὓ.
527 3205 708 3242 Terentio
733 3204 846 3242 V.-—
872 3205 932 3244 12.
959 3204 1069 3253 plebs
1093 3205 1144 3243 V.
1161 3223 1212 3233 —-
1236 3205 1297 3244 13.
1326 3204 1447 3242 nimis
1470 3213 1658 3241 novaram
1681 3215 1812 3241 rerum
1823 3201 1876 3244 V.
1891 3223 1941 3232 --

201 3273 264 3312 19.
293 3272 522 3324 quotidiano
545 3271 593 3311 V.
621 3293 670 3301 —
716 3271 780 3312 21.
822 3278 907 3310 erue
941 3273 1032 3311 uine
1055 3271 1173 3310 uncis
1197 3273 1248 3312 V.
1278 3272 1331 3312 K.
1360 3293 1409 3302 —
1456 3266 1519 3312 22.
1554 3275 1767 3309 retractum
1792 3283 1841 3309 ex
1866 3271 1940 3309 iu·-

195 3352 291 3382 κεν.
303 3342 352 3381 V.
379 3359 430 3372 -
463 3339 614 3381 dicu-ee
635 3351 681 3379 ee
700 3341 748 3380 V.
771 3358 824 3370 --
872 3340 934 3381 u.
966 3340 1098 3379 dicero
1120 3340 1172 3379 V.
1199 3359 1250 3370 —
1298 3341 1361 3382 26.
1392 3339 1527 3378 edocet
1550 3339 1602 3379 V.
1630 3358 1680 3368 -·-
1724 3337 1788 3380 202
1816 3351 1861 3379 eo
1884 3339 1940 3382 V.

1567 3413 1601 3459 3
