2525 3925
574 326 973 397 omnomzs
1008 332 1102 382 ΕΤ
1138 328 1554 384 ΕνιειτοιΑΕ.
1835 333 1934 384 165

192 475 519 537 potestatem
553 476 790 539 restitui,
840 487 909 524 ex
946 486 1053 538 qua
1088 488 1276 526 omnes
1312 476 1620 527 discordiae
1649 488 1932 529 accensae.

192 564 459 613 Pessume
494 566 735 613 omnium
771 567 937 625 atque
972 566 1464 628 inpudentissume,
1514 564 1680 614 tibine
1717 568 1933 628 egestas

192 653 397 701 civium
432 656 491 701 et
523 651 706 700 luctus
754 662 921 701 curae
963 644 1134 701 sunt?
1192 653 1321 713 quoi
1354 651 1488 701 nihil
1521 655 1606 701 est
1641 654 1788 700 domi
1827 654 1934 701 nisi

194 742 367 789 armis
416 741 629 801 partum
674 741 769 788 aut
819 750 918 799 per
961 740 1231 789 iniuriam.
1302 740 1553 789 Alterum
1595 739 1930 807 consulatum

188 828 355 892 petiS,
392 828 547 888 quasi
572 826 799 888 primum
824 825 1159 890 reddideris3
1199 826 1347 875 bello
1377 825 1726 877 concordiam
1763 828 1971 887 quae-5

192 916 294 977 ris,
330 926 433 975 quo
466 917 627 975 parta
654 914 1017 977 disturbatur-3
1052 914 1226 964 nostri
1262 913 1527 976 proditor,
1561 913 1685 963 istis
1720 912 1932 975 infidus,

188 1002 367 1051 bostis
398 1003 632 1051 omnium
668 1001 946 1051 bonorum.
1019 1004 1091 1051 Ut
1130 1005 1185 1051 te
1220 1012 1400 1063 neque
1438 1002 1720 1051 hominum
1753 1010 1933 1061 neque

190 1089 413 1139 deorum
471 1090 661 1152 pudet,
714 1100 849 1151 quos
896 1100 995 1151 per
1044 1088 1202 1139 fldem
1246 1092 1344 1140 aut
1395 1090 1634 1151 periurio
1679 1086 1930 1137 violasiss

187 1172 332 1243 Qui,
372 1176 583 1238 quando
622 1176 751 1227 talis
787 1189 865 1243 es,
916 1187 1137 1227 maneas
1186 1178 1245 1226 in
1279 1178 1555 1227 sententia
1587 1180 1646 1227 et
1688 1179 1930 1227 retineas

186 1275 347 1313 arma
380 1266 435 1312 te
468 1265 689 1327 hortor3
740 1275 846 1313 neu
893 1264 1229 1326 prolatandis
1277 1265 1666 1331 seditionibus,
1711 1265 2007 1327 inquiesio

186 1352 338 1423 ipse,
392 1358 513 1402 nos‘
538 1354 593 1400 in
644 1350 1017 1402 sollicitudine
1058 1353 1319 1404 adtineas.
1392 1354 1580 1416 Neque
1613 1356 1672 1402 te
1705 1354 1932 1414 provin-

188 1439 315 1488 ciae
364 1450 539 1501 neque
591 1440 749 1505 leges
800 1452 974 1502 neque
1028 1442 1080 1489 di
1128 1445 1357 1503 penates
1413 1442 1589 1491 civem
1636 1440 1930 1502 patiuntur.

187 1525 383 1591 Perge,
424 1539 533 1588 qua
556 1530 794 1593 coeptas,
821 1530 879 1577 ut
904 1506 1063 1590 cinam
1086 1530 1417 1579 maturrume
1441 1530 1640 1577 merita
1659 1528 1930 1577 invenias.

293 1615 410 1663 Vos
446 1618 659 1682 autem,
705 1619 891 1675 patres
928 1617 1258 1683 conscripti,
1307 1628 1588 1679 quousque
1623 1614 1931 1666 cunctando

182 1713 302 1751 rem
333 1701 605 1762 publicam
638 1686 1179 1765 intutam'patiemini
1210 1705 1270 1752 et
1302 1704 1486 1753 verbis
1517 1714 1668 1753 arma
1696 1701 2003 1762 tempta-15

96 1785 101 1787 ’
182 1788 316 1838 bitis
335 1781 364 1837 ’ἒ
412 1789 675 1838 Deiectus
706 1789 999 1843 advorsum
1036 1802 1139 1840 vos
1175 1791 1377 1853 habiti3
1415 1791 1678 1851 pecuniae
1712 1788 1929 1849 publice

180 1880 243 1926 et
276 1876 535 1937 privatim
572 1879 822 1927 extortae
837 1891 856 1940 3
892 1876 1171 1939 praesidia
1206 1876 1440 1927 deducta
1472 1879 1634 1937 atque
1664 1876 1899 1937 inposita
1909 1890 1928 1937 3

180 1977 255 2014 ex
287 1963 527 2014 lubidine
562 1965 717 2029 leges
760 1967 1125 2028 imperantur,
1178 1977 1339 2027 quom
1377 1965 1598 2014 interim
1632 1975 1734 2013 vos
1770 1963 1929 2027 lega-

179 2055 269 2101 tos
306 2054 363 2101 et
399 2054 621 2103 decreta
656 2055 880 2115 paratis.
952 2050 1167 2116 Quanto
1208 2052 1521 2102 mehercule
1560 2052 1776 2100 avidius
1826 2061 1928 2111 pa-

180 2150 303 2188 cem
342 2141 629 2204 petieritis,
670 2143 825 2193 tanto
859 2140 1063 2192 bellum
1100 2141 1286 2192 acrius
1323 2142 1450 2204 erit,
1501 2151 1658 2201 quom
1695 2136 1921 2187 intelle-
1933 2135 2002 2185 20

178 2228 282 2289 get
326 2238 389 2277 se
430 2229 575 2276 metu
617 2231 795 2290 magis
840 2240 996 2289 quam
1035 2241 1211 2291 aequo
1254 2231 1313 2277 et
1361 2231 1502 2280 bono
1551 2228 1924 2277 sustentatum.

178 2315 321 2363 Nam
358 2316 453 2375 qui
485 2316 671 2366 turbas
706 2317 763 2365 et
800 2318 1020 2366 caedem
1056 2319 1262 2366 civium
1299 2317 1482 2366 odisse
1523 2315 1604 2366 ait
1648 2317 1706 2364 et
1749 2315 1817 2364 ob
1853 2314 1927 2375 id,

174 2403 395 2450 armato
430 2400 657 2468 Lepido,
702 2415 803 2452 vos
844 2390 1089 2452 inermos
1126 2404 1356 2466 retinet,
1403 2415 1542 2464 quae
1577 2403 1744 2452 victis
1780 2400 1926 2451 tole-

174 2489 357 2538 randa
389 2490 542 2551 sunt,
586 2499 677 2554 ea,
718 2503 878 2551 quom
910 2490 1099 2540 facere
1133 2491 1387 2555 possitis,
1425 2491 1708 2552 patiamini
1742 2490 1922 2551 potius

177 2574 391 2626 censet.
474 2577 561 2624 Ita
604 2575 689 2626 illi
735 2590 770 2627 a
814 2577 970 2626 vobis
1018 2588 1232 2642 pacem,
1279 2577 1440 2628 vobis
1475 2578 1542 2627 ab
1576 2576 1678 2626 illo
1720 2576 1998 2626 bellum25

173 2662 391 2714 suadet.
462 2663 615 2712 Haec
648 2664 698 2712 si
732 2663 983 2728 placent,
1032 2665 1081 2714 si
1116 2667 1272 2715 tanta
1305 2668 1533 2726 torpedo
1573 2665 1786 2714 animos
1822 2663 1923 2712 ob-

176 2751 403 2813 pressit,
439 2753 499 2800 ut
532 2749 691 2800 obliti
724 2751 993 2802 scelerum
1030 2749 1253 2817 Cinnae,
1287 2753 1478 2813 quoius
1511 2753 1569 2800 in
1605 2753 1793 2802 urbem
1829 2762 1922 2800 re-

176 2839 297 2887 ditu
331 2838 501 2888 decus
535 2839 743 2888 ordinis
776 2838 937 2888 huius
970 2840 1201 2906 interiit,
1235 2839 1585 2908 nihilominus
1613 2851 1720 2888 vos
1755 2841 1920 2900 atque

176 2926 439 2988 coniuges
475 2929 531 2976 et
564 2925 767 2976 liberos
806 2926 1015 2988 Lepido
1051 2928 1371 2989 permissuri
1415 2928 1569 2995 sitis,
1619 2927 1747 2989 quid
1782 2939 1919 2989 opus

175 3004 457 3062 decretis?
496 3015 624 3079 quid
651 3015 858 3065 auxilio
884 3007 1111 3065 Catuli?
1148 3012 1293 3078 Quin
1329 3017 1378 3064 is
1415 3018 1472 3064 et
1504 3015 1600 3064 alii
1638 3015 1765 3066 boni
1796 3026 1913 3064 rem
1926 3014 1993 3068 30

174 3099 449 3160 publicam
485 3103 693 3152 frustra
730 3107 943 3155 curant.
1016 3105 1181 3168 Agite
1216 3106 1277 3153 ut
1313 3103 1496 3166 lubet3
1536 3106 1726 3166 parate
1760 3103 1914 3153 vobis

270 3297 334 3336 si.
362 3295 427 3346 ue]
454 3299 502 3336 v.
531 3301 591 3338 aa·
615 3301 662 3340 c.

2011 3633 2027 3772 ³.

2025 3775 2035 3877 ι
