2525 3925
577 392 579 399 ,
615 338 689 389 48
1154 334 1211 387 C.
1247 330 1549 389 SALUS'H
1584 331 1813 387 clusm

615 486 804 548 utpote
841 486 932 547 qui
963 494 1160 549 magno
1195 485 1440 534 exercitu
1485 483 1625 533 locis
1676 482 2021 545 aequioribus
2069 482 2380 545 expeditus

610 576 672 624 viu
708 574 838 638 fuga
873 578 1204 635 sequeretur.
1276 575 1385 623 Sed
1424 570 1663 623 Catilina
1694 574 1973 633 postquam
2010 572 2159 620 videt
2200 584 2378 621 mon-—

614 665 760 715 tibus
797 665 956 725 atque
991 664 1164 725 copiis
1197 662 1427 712 hostium
1477 674 1601 711 sese
1648 660 1918 721 clausum,
1974 660 2029 709 in
2078 660 2217 711 urbe
2268 670 2376 709 res

617 754 910 819 advorsas‚
943 764 1119 813 neque
1153 751 1317 817 fugae
1356 762 1529 812 neque
1564 748 1803 812 praesidi
1836 747 2004 797 ullam
2040 760 2214 811 spem,
2260 762 2374 810 op-

576 839 820 891 5tumum
857 843 1009 891 factu
1045 842 1231 904 ratus,
1274 840 1331 887 in
1367 838 1465 887 tali
1496 850 1559 888 re
1596 836 1867 887 fortunam
1906 834 2371 901 bellitemptare,

613 931 804 980 statuit
845 942 970 977 cum
1006 922 1243 978 Antonio
1292 940 1453 989 quam
1501 928 1727 988 primum
1777 928 2087 987 confligere.
2159 926 2371 988 Itaque

613 1020 866 1067 contione
899 1019 1168 1065 advocata
1201 1016 1567 1065 huiuscemodi
1590 1015 1891 1064 orationem
1924 1014 2141 1064 habuit:

723 1106 810 1153 58.
849 1102 1234 1166 «compertum
1255 1116 1359 1166 ego
1394 1105 1585 1169 habeo,
1620 1101 1825 1153 milites
1840 1100 1862 1166 ‚'
1892 1104 2060 1153 verba
2092 1104 2369 1153 virtutem

419 1105 722 1313 silon
762 1195 993 1258 addere,
1045 1204 1220 1255 neque
1272 1206 1340 1241 ex
1388 1194 1589 1255 ignavo
1623 1196 1905 1241 strenuum
1940 1204 2115 1254 neque
2152 1192 2364 1243 fortem

542 1284 684 1335 10ex
719 1283 908 1331 timido
946 1283 1246 1331 exercitum
1284 1282 1533 1331 oratione
1561 1282 1909 1343 imperatoris
1948 1280 2083 1329 fieri.
2136 1278 2366 1344 Quanta

613 1371 910 1432 quoiusque
943 1372 1122 1420 animo
1149 1371 1379 1420 audacia
1400 1375 1597 1419 natura
1624 1373 1719 1419 aut
1740 1371 1979 1419 moribus
1999 1371 2163 1432 inest,
2203 1373 2363 1420 tanta

590 1460 670 1507 *in
707 1458 850 1508 bello
889 1462 1078 1521 patere
1100 1458 1259 1507 solet.
1314 1454 1482 1520 Quem
1504 1470 1679 1520 neque
1698 1458 1881 1521 gloria
1902 1468 2081 1519 neque
2106 1460 2361 1519 pericula

615 1548 882 1613 excitant,
917 1546 1270 1609 nequidquam
1308 1548 1525 1596 hortere
1538 1561 1556 1609 3
1597 1548 1757 1597 timor
1794 1548 1959 1595 animi
1992 1547 2217 1597 auribus
2256 1549 2360 1597 ob-

610 1634 741 1685 ficit.
812 1635 920 1685 Sed
974 1647 1077 1699 ego
1131 1648 1265 1703 vos,
1318 1647 1421 1697 quo
1473 1648 1647 1697 pauca
1680 1647 1992 1702 monerem,
2044 1634 2323 1686 advocavi
2334 1653 2357 1700 ;

537 1724 600 1776 15
617 1724 778 1775 simul
815 1725 894 1774 uti
931 1736 1146 1774 causam
1177 1726 1287 1774 mei
1320 1724 1517 1774 consili
1549 1728 1831 1787 aperirem.
1884 1721 2051 1773 Scitis
2088 1726 2357 1790 equidem,

610 1814 841 1879 militem,
895 1814 1150 1864 socordia
1195 1816 1356 1875 atque
1396 1814 1621 1877 ignavia
1665 1812 1885 1862 Lentuli
1936 1812 2195 1875 quantam
2246 1816 2357 1878 ipsi

608 1903 874 1966 nobisque
907 1900 1116 1953 cladem
1149 1904 1397 1953 attulerit
1408 1918 1426 1966 3
1460 1914 1687 1965 ‘quoque
1718 1900 1907 1970 modo,
1952 1904 2077 1951 dum
2106 1914 2179 1951 ex
2216 1905 2357 1954 urbe

609 1987 882 2052 praesidia
933 1993 1214 2055 opperior,
1268 1994 1323 2040 in
1379 1991 1617 2041 Galliam
1663 1991 1933 2052 proficisci
1983 1993 2355 2054 nequiverim.

609 2079 766 2127 Nunc
804 2091 938 2128 vero
965 2091 1070 2142 quo
1111 2080 1226 2136 [in]
1264 2078 1389 2128 loco
1426 2091 1514 2128 res
1550 2083 1771 2130 nostrae
1804 2079 1930 2142 sint,
1966 2081 2119 2130 iuxta
2137 2060 2355 2132 rnecum

533 2171 796 2224 zoomnes
849 2166 1191 2229 intellegitis,
1263 2167 1550 2217 Exercitus
1602 2169 1836 2218 hostium
1886 2171 2025 2237 duo,
2088 2181 2229 2220 unus
2284 2173 2353 2223 ab

609 2257 770 2322 urbe,
806 2255 950 2304 alter
987 2267 1020 2305 a
1057 2254 1240 2306 Gallia
1278 2257 1525 2320 obstant3
1581 2257 1781 2306 diutius
1815 2259 1873 2308 in
1909 2259 1995 2309 his
2030 2260 2171 2310 locis
2208 2242 2351 2325 esse,

607 2346 656 2393 si
679 2355 926 2393 maxume
959 2343 1168 2393 animus
1204 2345 1369 2409 ferat,
1404 2345 1661 2394 frumenti
1694 2348 1859 2408 atque
1894 2348 2122 2398 aliarum
2158 2361 2351 2400 rerum

607 2437 826 2496 egestas
879 2433 1139 2494 prohibet.
1212 2425 1545 2496 Quocunque
1600 2436 1684 2484 ire
1750 2435 1966 2501 placet,
2029 2440 2180 2488 ferro
2237 2440 2353 2490 iter

605 2521 951 2583 aperiundum
973 2525 1074 2572 est.
1130 2518 1473 2585 Quapropter
1508 2535 1611 2574 vos
1645 2533 1857 2589 moneo,
1894 2525 1975 2574 uti
2010 2528 2141 2577 forti
2182 2530 2351 2591 atque

529 2611 594 2664 25
609 2611 800 2674 parato
837 2611 1013 2660 animo
1049 2613 1169 2661 sitis
1209 2615 1296 2677 et,
1334 2623 1498 2672 quom
1533 2611 1795 2673 proelium
1829 2614 2053 2672 inibitis.
2088 2617 2351 2667 memine-

601 2701 726 2751 ritis
762 2713 862 2750 vos
899 2700 1148 2764 divitias,
1185 2701 1379 2765 decus,
1419 2700 1673 2768 gloriam,
1713 2707 1999 2763 praeterea
2032 2703 2351 2758 libertatem

601 2791 762 2852 atque
797 2791 1027 2852 patriam
1059 2790 1113 2837 in
1152 2789 1396 2838 dexteris
1431 2792 1635 2839 vostris
1665 2794 1902 2851 portare.
1960 2793 2022 2842 si
2055 2794 2351 2862 vincimus,

601 2879 780 2926 omnia
814 2879 974 2928 nobis
1009 2880 1128 2927 tuta
1163 2879 1358 2942 erunt,
1400 2881 1726 2927 commeatus
1758 2879 1999 2948 abunde,
2046 2883 2349 2947 municipia

704 3063 742 3101 1.
783 3062 986 3112 expeditos
1022 3064 1074 3104 V.
1111 3065 1161 3105 G.
1211 3069 1253 3102 et
1290 3063 1389 3102 cod.
1430 3063 1565 3103 Turio.
1607 3063 1695 3104 See.
1734 3065 1787 3104 X.
1825 3066 2039 3106 Prisciani.
2076 3068 2229 3111 xvm.
2272 3073 2341 3113 25.

599 3143 642 3184 p.
670 3129 757 3170 uo.
785 3129 859 3171 Kr.
897 3151 946 3162 -
993 3133 1029 3170 2.
1065 3135 1106 3172 in
1137 3129 1279 3182 fugant
1310 3132 1361 3172 V.
1390 3153 1437 3163 -
1483 3137 1740 3183 numquam
1770 3133 1822 3174 V.
1850 3155 1898 3165 ·-
1944 3135 1985 3176 ὅ.
2019 3135 2174 3186 [σθω
2200 3137 2255 3180 Κ.
2294 3163 2345 3174 .-

600 3200 660 3241 15.
687 3198 843 3238 conscilia·
866 3200 946 3237 mei
967 3200 1020 3240 V.
1050 3223 1096 3233 —
1147 3201 1210 3242 17.
1237 3199 1393 3240 cladem
1428 3199 1615 3252 nouoque
1642 3201 1696 3240 K.
1724 3223 1771 3232 —
1820 3203 1883 3242 18.
1907 3205 2119 3254 praeside«
2154 3219 2207 3252 σε,
2240 3209 2346 3250 urb·

599 3269 650 3310 V.
693 3289 739 3302 --
803 3267 865 3308 io.
905 3279 980 3319 quo
1017 3268 1102 3310 loco
1139 3269 1186 3308 V.
1224 3281 1303 3320 quo
1340 3271 1383 3308 in
1414 3268 1503 3308 loco
1534 3269 1587 3312 K.
1624 3289 1671 3302 --
1720 3271 1783 3311 26.
1823 3270 2019 3320 storiam,
2054 3273 2173 3314 dec-n
2211 3274 2259 3315 V.
2292 3299 2343 3312 ..-

599 3338 665 3379 27.
691 3335 842 3376 dea-trit
865 3335 916 3377 V.
944 3336 996 3376 K.
