2525 3925
502 354 509 361 ·
605 340 714 390 1³8
1148 337 1205 387 G.
1242 339 1543 388 SALUST!
1577 336 1803 388 cmsm

602 489 833 547 petere,
866 496 1045 546 neque
1082 495 1414 546 quemquam
1445 484 1690 532 omnium
1723 483 1924 545 praeda
1959 480 2183 530 morari.
2261 481 2358 531 Sic

600 574 745 623 forte
775 576 1031 622 com-ecta
1056 575 1199 621 Mari
1232 574 1517 623 temeritas
1550 572 1784 635 gloriam
1817 582 1886 619 ex
1917 568 2082 631 culpa
2116 571 2358 619 invenit.

703 660 792 709 95.
837 658 1087 710 Ceterum
1124 662 1250 708 dum
1287 671 1354 721 ea
1387 670 1478 709 res
1513 661 1756 725 geritur,
1793 659 1854 707 L.
1891 658 2050 707 Sulla
2083 661 2356 719 quaestor

602 762 720 799 cum
754 761 951 813 magno
986 750 1233 811 equitatu
1264 750 1322 797 in
1357 751 1541 797 castra
1577 749 1748 810 venit,
1788 758 1922 809 quos
1958 747 2041 795 uti
2075 758 2150 794 ex
2180 746 2354 795 Latio

557 836 659 888 5et
688 850 723 887 a
756 840 923 887 sociis
954 840 1198 902 cogeret,
1229 838 1434 886 Romae
1468 834 1699 884 relictus
1731 837 1867 884 erat.
1939 834 2050 885 Sed
2085 834 2350 896 quoniam

598 938 699 975 nos
751 926 890 975 tanti
940 926 1048 974 viri
1099 936 1190 974 res
1238 925 1553 987 admonuit,
1605 923 1861 971 idoneum
1909 925 2092 971 visum
2141 925 2232 971 est
2287 921 2356 969 de

598 1016 795 1063 natura
830 1013 1091 1074 cultuque
1132 1014 1251 1061 eius
1300 1014 1490 1073 paucis
1539 1011 1756 1074 dicere3
1807 1022 1990 1072 neque
2037 1011 2186 1059 enim
2233 1009 2350 1059 alio

597 1100 723 1150 loco
776 1100 845 1149 de
894 1099 1083 1149 Sullae
1139 1100 1303 1149 rebus
1352 1100 1547 1149 dicturi
1603 1111 1820 1164 sumus,
1883 1101 1940 1148 et
1991 1098 2053 1147 Ia.
2105 1099 2348 1147 Sisenna

598 1192 817 1248 optume
841 1189 897 1237 et
920 1186 1348 1250 diligentissume
1367 1188 1614 1253 omnium,
1635 1187 1726 1247 qui
1749 1198 1846 1236 eas
1867 1199 1960 1235 res
1981 1186 2190 1252 dixere,
2217 1198 2348 1248 per-

524 1276 589 1327 10
602 1279 838 1339 secutae,
874 1286 1068 1335 parum
1102 1274 1235 1322 mibi
1270 1274 1444 1325 libero
1477 1287 1576 1325 ore
1606 1274 1824 1324 locutus
1857 1274 2092 1323 videtur.
2165 1276 2348 1338 Igitur

599 1363 752 1413 Sulla
793 1364 973 1425 gentis
1010 1363 1278 1425 patriciae
1325 1364 1526 1412 nobilis
1569 1363 1701 1426 fuit,
1753 1361 1964 1413 familia
2008 1374 2184 1425 prope
2233 1366 2344 1412 iam

596 1454 871 1501 exstincta
893 1452 1157 1500 maiorum
1182 1452 1424 1516 ignavia,
1457 1450 1660 1501 litteris
1679 1451 1912 1501 Graecis
1933 1454 2102 1513 atque
2127 1452 2345 1501 Latinis

597 1541 780 1601 iuxta,
819 1542 984 1601 atque
1020 1540 1384 1603 doctissume,
1425 1540 1698 1606 eruditus,
1745 1542 1923 1590 animo
1961 1542 2209 1605 ingenti,
2251 1552 2346 1589 cu-

596 1629 751 1689 pidus
785 1628 1159 1691 voluptatum,
1196 1626 1294 1677 sed
1331 1626 1542 1689 gloriae
1579 1628 1854 1689 cupidior,
1909 1630 2024 1675 otio
2057 1626 2347 1679 luxurioso

524 1714 751 1779 15esse3
804 1721 985 1765 tamen
1028 1718 1097 1765 ab
1143 1716 1382 1777 negotiis
1427 1726 1724 1776 numquam
1757 1714 2012 1775 voluptas
2047 1722 2346 1779 remorata,

596 1806 703 1853 nisi
739 1805 879 1867 quod
916 1804 985 1853 de
1018 1816 1186 1854 uxore
1221 1806 1402 1865 potuit
1433 1804 1713 1853 honestius
1759 1802 2006 1864 consuli3
2055 1803 2346 1869 facundus,

598 1891 831 1942 callidus
868 1896 926 1942 et
956 1894 1199 1941 amicitia
1232 1891 1416 1941 facilis
1428 1906 1445 1954 3
1499 1891 1566 1941 ad
1613 1890 1918 1940 simulanda
1951 1894 2180 1953 negotia
2214 1892 2346 1941 alii-

598 1981 727 2030 tudo
762 1981 947 2045 ingeni
982 1978 1352 2042 incredibilis3
1399 1980 1686 2029 multarum
1735 1991 1914 2030 rerum
1967 1992 2036 2028 ac
2083 1993 2344 2030 maxume

598 2071 863 2129 pecuniae
896 2068 1147 2131 largitor.
1218 2071 1404 2128 Atque
1437 2067 1542 2131 illi,
1577 2067 1910 2116 felicissumo
1943 2070 2184 2118 omnium
2217 2075 2347 2120 ante

522 2153 821 2206 20civiiem
858 2156 1173 2216 victoriam,
1226 2166 1512 2215 numquam
1563 2167 1728 2215 nuper
1760 2155 2082 2205 iudustriam
2121 2157 2348 2208 fortuna

596 2242 719 2303 fuit,
756 2240 1017 2302 multique
1036 2242 1378 2304 dubitavere,
1413 2243 1611 2292 fortior
1645 2255 1714 2292 an
1748 2243 1968 2293 felicior
2003 2249 2189 2308 esset3
2219 2259 2346 2296 nam

595 2331 786 2393 postea
826 2341 967 2392 quae
994 2329 1219 2396 fecerit,
1262 2331 1529 2380 incertum
1564 2331 1770 2396 habeo,
1791 2349 1796 2354 ·
1818 2331 2018 2392 pudeat
2057 2335 2240 2396 magis
2279 2347 2346 2384 an

595 2419 783 2481 pigeat
820 2418 1109 2468 disserere.
2285 2407 2296 2426 ⁸

699 2506 783 2558 96.
820 2509 996 2569 Igitur
1030 2506 1215 2572 Sulla,
1253 2510 1335 2558 uti
1367 2520 1536 2570 supra
1567 2507 1766 2558 dictum
1803 2510 1917 2574 est,
1955 2513 2250 2572 postquam
2291 2513 2345 2560 in

520 2591 584 2644 25
598 2594 841 2645 Africam
877 2598 1043 2656 atque
1076 2597 1135 2643 in
1170 2598 1354 2645 castra
1377 2597 1520 2645 Mari
1557 2607 1682 2644 cum
1707 2597 1948 2657 equitatu
1983 2599 2156 2664 venit,
2192 2602 2346 2649 rudis

594 2685 757 2732 antea
784 2685 841 2732 et
870 2683 1097 2746 ignarus
1132 2681 1283 2746 belli,
1318 2682 1748 2732 sollertissumus
1785 2685 2018 2732 omnium
2053 2686 2114 2734 in
2149 2689 2345 2748 paucis

594 2771 1004 2832 tempestatibus
1050 2771 1233 2819 factus
1271 2773 1373 2819 est.
1451 2770 1528 2819 Ad
1581 2771 1686 2820 hoc
1723 2771 1926 2821 milites
1963 2773 2200 2836 benigne
2243 2776 2346 2825 ad-

592 2857 828 2919 pellare,
864 2857 1049 2907 multis
1083 2859 1421 2921 rogantibus,
1459 2857 1586 2907 aliis
1620 2871 1719 2921 per
1753 2871 1814 2908 se
1851 2861 1972 2922 ipse
2001 2863 2136 2910 dare
2174 2864 2346 2914 bene-

592 2943 745 3008 ficia,
794 2947 1001 2996 invitus
1037 2945 1329 3008 accipere,
1383 2946 1480 2995 sed
1520 2959 1588 2996 ea
1627 2950 2010 3008 properantius
2046 2961 2205 3010 quam
2245 2964 2344 3002 aes

519 3027 586 3078 30
598 3032 833 3079 mutuum
868 3034 1129 3099 reddere,
1176 3034 1294 3096 ipse
1331 3035 1398 3084 ab
1435 3033 1588 3082 nullo
1622 3038 1908 3098 repetere,
1945 3039 2120 3100 magis
2157 3039 2213 3086 id
2254 3039 2344 3088 la-

693 3243 727 3280 i.
761 3243 925 3292 petere]
952 3245 1165 3284 ascendere
1192 3246 1239 3284 V.
1266 3267 1312 3276 -
1363 3248 1400 3285 4.
1445 3249 1513 3297 qm·
1537 3250 1596 3286 uta·
1620 3260 1670 3286 ex
1693 3248 1810 3288 Latio
1837 3255 1874 3288 et
1897 3251 2020 3289 oociie
2043 3259 2200 3299 cogeret
2225 3265 2316 3292 ατη
2331 3275 2342 3284 -

592 3313 710 3349 ciemn
738 3311 784 3350 V.
814 3333 859 3341 —
912 3312 973 3351 1².
1002 3318 1041 3351 et
1064 3312 1219 3352 Lacinio
1246 3315 1294 3354 G.
1323 3335 1368 3346 -
1416 3316 1478 3355 22.
1501 3316 1652 3365 pudeat
1675 3329 1728 3354 aa
1746 3319 1886 3366 ρὲςοσθ
1909 3320 2035 3366 nauis
2062 3319 2112 3359 G.
