2525 3925
658 360 729 407 98
1188 352 1253 407 (3.
1291 351 1592 405 SALUSTI
1629 351 1858 403 clusin

654 504 902 553 hortatus
938 504 1129 566 aciem,
1165 502 1330 551 sicuti
1361 502 1711 563 instruxerat,
1749 501 2082 550 transvorsis
2121 500 2395 562 principiis

654 594 713 640 in
749 590 968 653 planum
1002 588 1241 640 deducit.

728 678 813 728 50.
886 680 995 729 Sed
1044 679 1133 729 ubi
1181 676 1448 727 Numidas
1505 679 1718 740 quietos
1761 688 1937 739 neque
1987 676 2132 727 colle
2179 678 2391 741 degredi

660 768 1063 828 animadvortit,
1100 768 1312 816 veritus
1347 778 1416 815 ex
1451 768 1580 817 anni
1617 768 1862 827 tempore
1899 770 1955 814 et
1989 766 2175 828 inopia
2211 778 2395 831 aquae,

616 858 733 907 5ne
771 857 864 905 siti
904 853 1264 905 conficeretur
1303 856 1609 917 exercitus,
1663 852 1929 903 Rutilium
1977 852 2231 917 legatum
2282 866 2394 903 cum

656 943 926 1005 expeditis
962 942 1274 1005 cohortibus
1307 948 1364 992 et
1393 945 1552 1003 parte
1590 944 1831 1004 equitum
1867 944 2156 1004 praemisit
2195 940 2267 993 ad
2303 944 2394 990 ilu-

658 1042 813 1095 men,
856 1032 935 1080 uti
971 1030 1149 1079 locum
1187 1034 1386 1080 castris
1421 1035 1810 1095 antecaperet,
1859 1032 2199 1080 existumans
2239 1032 2393 1081 hostis

658 1122 852 1170 crebro
888 1122 1090 1180 impetu
1128 1123 1186 1168 et
1222 1122 1552 1169 transvorsis
1587 1119 1814 1181 proeliis
1854 1120 1960 1168 iter
1981 1128 2137 1167 suum
2163 1130 2394 1169 remora-

660 1213 837 1272 turos,
890 1212 947 1257 et
999 1209 1252 1269 quoniam
1310 1206 1481 1257 armis
1533 1206 1873 1268 diffiderent,
1929 1206 2305 1257 lassitudinem
2347 1214 2394 1255 et

584 1297 811 1353 iosiiim
851 1295 1083 1345 militum
1122 1298 1496 1357 temptaturus.
1569 1294 1779 1344 Deinde
1827 1294 1948 1355 ipse
1997 1306 2097 1357 pro
2144 1308 2206 1345 re
2243 1301 2393 1358 atque

656 1384 815 1449 loco,
868 1386 1029 1433 sicuti
1080 1387 1262 1433 monte
1309 1385 1692 1443 descenderat,
1747 1382 2031 1444 paullatim
2085 1384 2393 1445 procedere,

658 1474 887 1522 Marium
923 1476 1045 1533 post
1082 1474 1352 1535 principia
1389 1474 1618 1534 habere,
1669 1474 1788 1533 ipse
1825 1482 1950 1520 cum
1987 1472 2248 1522 sinistrae
2283 1472 2391 1523 alae

656 1562 934 1622 equitibus
970 1572 1112 1624 esse,
1150 1563 1242 1625 qui
1274 1564 1330 1611 iu
1365 1562 1580 1623 agmine
1618 1560 1894 1622 principes
1931 1559 2066 1609 facti
2105 1568 2284 1610 erant.
2335 1564 2394 1610 At

660 1648 955 1715 Iugurtha,
1012 1650 1100 1698 ubi
1151 1653 1451 1699 extremum
1498 1660 1691 1711 agmen
1744 1646 1960 1697 Metelli
2017 1650 2228 1709 primos
2283 1662 2393 1699 suos

584 1740 648 1794 15
666 1742 1134 1802 praetergressum
1171 1738 1342 1805 videt,
1377 1736 1648 1799 pracsidio
1682 1738 1838 1798 quasi
1874 1735 2032 1784 duum
2069 1737 2276 1786 milium
2311 1752 2396 1801 pe·

658 1825 826 1876 ditum
864 1829 1105 1876 montem
1142 1830 1410 1891 occupat,
1466 1836 1574 1887 qua
1609 1822 1867 1874 Metellus
1905 1824 2291 1886 descenderat,
2339 1838 2394 1875 ne

660 1916 804 1964 forte
848 1914 1159 1965 cedentibus
1192 1913 1528 1964 advorsariis
1564 1914 1809 1975 receptui
1835 1924 1902 1963 ac
1928 1915 2052 1974 post
2081 1914 2397 1966 munimento

659 2003 832 2064 foret3
871 2005 994 2053 dein
1037 2006 1261 2063 repente
1298 2003 1458 2064 signo
1495 2003 1620 2053 dato
1655 2003 1828 2052 bostis
1863 2001 2093 2052 invadit.
2145 2005 2396 2054 Numidae

657 2089 760 2137 alii
798 2094 1098 2150 postremos
1135 2091 1385 2154 caedere,
1423 2101 1552 2150 pars
1588 2102 1623 2139 a
1655 2092 1881 2140 sinistra
1911 2101 1978 2140 ac
2010 2091 2240 2141 dextera
2277 2095 2399 2142 teni-

584 2187 654 2238 20
668 2179 851 2241 ptare,
887 2176 1085 2226 infensi
1124 2175 1319 2227 adesse
1353 2181 1513 2239 atque
1549 2177 1792 2240 instare,
1829 2179 2074 2229 omuibus
2115 2179 2260 2230 locis
2299 2181 2400 2230 Ro-

660 2277 941 2316 manorum
978 2268 1195 2315 ordines
1232 2268 1579 2332 conturbare,
1620 2278 1844 2329 quorum
1881 2267 2050 2317 etiam
2076 2269 2171 2331 qui
2205 2267 2400 2320 firmio-

664 2355 812 2402 ribus
848 2355 1041 2402 animis
1091 2355 1237 2404 obvii
1283 2356 1528 2406 hostibus
1577 2355 1825 2420 fuerunt,
1880 2355 2143 2406 ludificati
2199 2359 2401 2408 incerto

662 2441 905 2505 proelio,
960 2443 1064 2504 ipsi
1102 2443 1257 2494 modo
1295 2447 1504 2496 eminus
1539 2445 1958 2510 sauciabantur,
2005 2453 2183 2508 neque
2220 2450 2402 2497 contra

664 2532 901 2580 feriundi
936 2536 1033 2581 aut
1067 2532 1390 2584 conserendi
1445 2543 1660 2584 manum
1715 2533 1876 2594 copia
1921 2536 2072 2597 erat3
2127 2539 2259 2585 ante
2309 2539 2404 2586 iam

584 2625 655 2676 25
669 2619 815 2670 docti
836 2621 906 2670 ab
932 2621 1197 2685 iugurtha
1225 2623 1464 2689 equites,
1501 2623 1810 2682 ubicunque
1835 2621 2198 2674 Romanorum
2235 2627 2405 2674 turma

662 2710 875 2771 insequi
922 2713 1210 2773 coeperat,
1269 2721 1376 2757 non
1427 2709 1718 2760 confertim
1771 2721 1948 2773 neque
1993 2713 2050 2760 in
2087 2723 2254 2762 unum
2291 2727 2406 2764 sese

660 2797 1030 2863 recipiebant,
1082 2797 1178 2845 sed
1216 2794 1358 2845 alius
1394 2796 1508 2846 alio
1545 2809 1709 2860 quam
1745 2809 1996 2848 maxume
2033 2801 2258 2852 divorsi.
2329 2805 2409 2854 lta

664 2895 889 2934 numero
911 2877 1143 2946 priores,
1164 2886 1212 2934 si
1233 2885 1302 2934 ab
1327 2885 1696 2948 persequendo
1725 2885 1898 2938 hostis
1917 2887 2196 2939 deterrere
2218 2893 2408 2954 nequi-

667 2975 881 3032 verant,
914 2973 1177 3022 disiectos
1202 2974 1270 3022 ab
1295 2976 1450 3036 tergo
1477 2977 1574 3024 aut
1595 2973 1858 3025 lateribus
1883 2978 2378 3032 circumveniebant
2391 2995 2408 3042 ς

585 3066 660 3118 3ο
673 3060 756 3106 sin
808 3061 1161 3120 opportunior
1216 3062 1383 3124 fugae
1439 3061 1610 3112 collis
1647 3075 1809 3125 quam
1861 3067 2039 3129 campi
2084 3067 2302 3134 ruerat,
2349 3081 2410 3118 ea

764 3271 805 3310 ³.
844 3267 1005 3317 demean·
1041 3269 1087 3308 V.
1116 3291 1161 3298 —
1224 3269 1290 3310 19.
1333 3270 1476 3310 dextra
1515 3271 1563 3312 V.
1603 3295 1648 3306 —
1705 3275 1773 3314 u.
1817 3287 1971 3315 manum
2013 3281 2240 3318 consenui
2279 3279 2334 3320 Κ,
2369 3301 2404 3313 -

662 3339 731 3380 ss.
760 3351 787 3376 a
814 3338 859 3376 V.
888 3359 937 3368 —
982 3337 1049 3378 ³⁰.
1076 3337 1243 3389 ἷκεν-«κε
1266 3339 1316 3378 3'.
1341 3338 1394 3378 li.
1425 3361 1474 3370 -
1519 3354 1566 3382 eo
1593 3354 1686 3382 vero
1711 3343 1762 3382 V.
