2525 3925
583 323 663 376 20
1130 316 1194 372 C.
1229 318 1533 374 SALUS'H
1565 314 1798 372 ciusl’l

583 471 654 523 ad
689 469 985 521 exercitum
1024 469 1298 534 proficisci
1335 479 1553 534 cupere,
1595 468 1646 518 si
1681 469 1832 529 prius
1865 461 2186 516 Ciceronem
2221 477 2330 529 op·

585 561 907 624 pressisset3
952 571 1072 610 eum
1113 559 1227 608 suis
1264 556 1510 607 consiliis
1545 555 1768 606 multum
1805 555 2054 604 obiicere.

693 649 787 698 88.
821 651 995 712 Igitur
1018 647 1328 712 perterritis
1361 657 1430 695 ac
1453 644 1817 695 dubitantibus
1841 646 2057 708 ceteris,
2095 643 2160 693 G.
2185 641 2328 694 Gor-

584 735 761 788 neiius
798 749 966 800 eques
1000 739 1276 787 Romanus
1313 745 1532 796 operam
1567 745 1717 784 suam
1758 732 2070 798 pollicitus,
2106 735 2164 783 et
2199 745 2327 784 cum

544 827 655 880 5eo
688 825 751 876 L.
786 827 1156 891 Vargunteius
1188 826 1412 873 senator
1446 824 1782 872 constituere
1825 833 1890 872 ea
1930 823 2090 871 nocte
2137 821 2328 884 paullo

583 917 710 977 post
746 926 867 965 cum
902 915 1125 964 armatis
1160 913 1459 961 hominibus
1494 911 1656 960 sicuti
1677 909 1972 960 salutatum
1999 911 2228 960 introire
2255 909 2326 960 ad

584 1001 904 1053 Ciceronem
940 1013 1006 1050 ac
1042 1003 1109 1050 de
1143 1002 1425 1061 inproviso
1471 1000 1610 1048 domi
1658 1011 1793 1048 suae
1840 1000 2147 1060 inparatum
2189 1009 2328 1048 eon-

582 1090 788 1140 fodere.
862 1087 1057 1139 Curius
1094 1089 1183 1140 ubi
1219 1088 1522 1154 intellegit,
1559 1091 1817 1149 quantum
1855 1086 2157 1151 periculum
2189 1098 2330 1136 eon-

583 1177 691 1226 suli
741 1177 1060 1243 inpendeat‚
1120 1188 1355 1240 propere
1404 1188 1502 1238 per
1535 1175 1785 1225 Fulviam
1823 1173 2077 1225 Ciceroni
2127 1173 2330 1242 dolum,

509 1270 575 1322 10
590 1268 682 1330 qui
722 1268 1046 1334 parabatur,
1078 1266 1336 1316 enuntiat.
1395 1265 1482 1313 lta
1514 1263 1602 1313 illi
1633 1265 1796 1313 ianua
1829 1264 2083 1326 prohibiti
2121 1266 2331 1313 tantum

584 1356 799 1406 facinus
829 1355 1036 1405 frustra
1070 1355 1442 1414 susceperant.
1496 1353 1712 1402 Interea
1745 1353 1983 1401 Manlius
2020 1354 2080 1401 in
2105 1351 2329 1404 Etruria

584 1442 797 1505 plebem
840 1444 1173 1504 sollicitare,
1228 1443 1472 1504 egestate
1523 1440 1685 1490 simul
1734 1452 1802 1491 ac
1853 1440 2046 1490 dolore
2093 1441 2332 1490 iniuriae

580 1542 844 1582 novarum
879 1543 1058 1583 rerum
1092 1530 1361 1596 cupidam,
1399 1527 1540 1593 quod
1563 1529 1753 1578 Sullae
1777 1529 2141 1579 dominatione
2165 1541 2331 1592 agros

467 1669 473 1678 ,
582 1621 831 1684 bonaque
878 1621 1057 1670 omnia
1090 1621 1372 1681 amiserat,
1421 1621 1708 1682 praeterea
1744 1617 1990 1668 latrones
2027 1618 2332 1681 quoiusque

507 1709 571 1763 15
585 1711 838 1776 generis,
875 1721 1103 1772 quorum
1134 1710 1191 1756 in
1228 1719 1296 1757 ea
1329 1707 1556 1770 regione
1590 1719 1789 1770 magna
1824 1707 1983 1769 copia
2017 1707 2156 1769 erat,
2187 1715 2330 1756 non-

580 1797 762 1848 nullos
796 1811 865 1848 ex
901 1797 1146 1848 Sullanis
1180 1796 1410 1862 colonis,
1453 1796 1647 1858 quibus
1681 1795 1868 1846 lubido
1909 1797 2074 1857 atque
2107 1793 2331 1846 luxuria

581 1896 649 1934 ex
684 1888 895 1950 magnis
929 1888 1140 1950 rapinis
1176 1885 1312 1934 nihil
1351 1883 1554 1946 reliqui
1589 1885 1851 1934 fecerant.

684 1972 775 2023 29.
827 1974 909 2025 Ea
943 1988 1101 2039 quom
1140 1972 1394 2024 Ciceroni
1442 1975 1850 2040 nuntiarentur,
1907 1972 2138 2035 ancipiti
2181 1973 2330 2024 malo

578 2062 885 2125 permotus,
920 2065 1060 2125 quod
1086 2073 1259 2123 neque
1299 2062 1480 2109 urbem
1512 2063 1582 2111 ab
1615 2061 1826 2111 insidiis
1851 2064 2068 2124 privato
2092 2062 2330 2112 consilio

502 2150 571 2201 20
586 2148 803 2211 longius
852 2150 991 2199 tueri
1039 2151 1288 2216 poterat,
1340 2160 1520 2211 neque
1567 2152 1838 2200 exercitus
1876 2148 2050 2199 Manli
2093 2154 2332 2213 quantus

577 2243 671 2285 aut
708 2248 815 2299 quo
852 2237 1083 2288 consilio
1119 2237 1265 2287 foret
1297 2239 1434 2287 satis
1471 2242 1800 2300 compertum
1826 2238 2072 2305 habebat,
2107 2250 2224 2290 rem
2260 2240 2330 2289 ad

576 2328 821 2375 senatum
857 2326 1057 2389 refert,
1092 2326 1199 2376 iam
1236 2330 1402 2377 antea
1437 2326 1590 2390 volgi
1626 2328 1932 2377 rumoribus
1975 2328 2326 2390 exagitatam.

574 2413 786 2476 Itaque,
822 2412 965 2476 quod
1001 2413 1324 2477 plerumque
1354 2416 1412 2463 in
1449 2416 1628 2465 atroci
1661 2416 1883 2479 negotio
1907 2416 2066 2482 solet,
2101 2420 2332 2466 senatus

576 2498 851 2565 decrevit,
894 2502 1085 2554 darent
1119 2514 1337 2566 operam
1379 2503 1667 2570 consules,
1705 2514 1774 2553 ne
1813 2504 1941 2568 quid
1978 2504 2327 2566 respublica

498 2586 563 2641 25
577 2587 887 2640 detrimenti
941 2596 1181 2655 caperet.
1268 2592 1350 2643 Ea
1399 2594 1643 2654 potestas
1700 2602 1797 2653 per
1852 2594 2100 2643 senatum
2171 2604 2330 2644 more

569 2676 814 2728 Romano
882 2679 1227 2744 magistratui
1281 2690 1532 2729 maxuma
1583 2682 1914 2743 permittitur
1934 2717 1951 2745 ,
2025 2684 2328 2731 exercitum

568 2778 798 2835 parare,
834 2768 1037 2818 bellum
1072 2780 1299 2833 gerere,
1355 2766 1615 2819 coercere
1651 2768 1894 2819 omnibus
1927 2768 2102 2819 modis
2139 2771 2326 2821 socios

568 2858 735 2917 atque
774 2857 941 2923 civis,
996 2855 1139 2909 domi
1176 2855 1512 2919 militiaeque
1546 2859 1823 2920 imperium
1859 2860 2025 2921 atque
2066 2858 2324 2909 iudicium

566 2952 828 2991 summum
875 2944 1104 3009 habere3
1156 2944 1320 2995 aliter
1370 2945 1492 2997 sine
1532 2946 1718 3009 populi
1752 2949 1904 2997 iussu
1955 2946 2097 2999 nulli
2133 2960 2322 2999 earum

493 3026 559 3081 30
574 3040 755 3080 rerum
796 3031 1008 3081 consuli
1048 3034 1135 3083 ius
1170 3035 1276 3085 est.

660 3248 722 3287 n.
758 3254 999 3298 compertum
1038 3251 1137 3288 tacit
1174 3250 1225 3289 V.
1260 3270 1311 3279 —
1369 3251 1432 3291 2¹⁸.
1477 3256 1522 3291 ue
1558 3252 1702 3293 daron-e
1737 3254 1787 3294 V.
1829 3276 1872 3286 -
1923 3254 1986 3296 29.
2030 3254 2177 3295 aunem
2211 3252 2313 3299 cod.

563 3315 747 3360 manisd.
773 3316 905 3357 nuum
928 3336 949 3350 -
970 3336 990 3348 -
1016 3317 1235 3357 consulibua
1260 3319 1323 3356 ins
1351 3317 1549 3362 unbeina.
