2525 3925
607 319 713 369 188
1198 318 1422 370 PSEUD
1429 316 1771 369 osALUS'n

606 466 800 529 vocat,
846 464 1037 527 quibus
1083 464 1285 514 civitas
1331 466 1578 515 vastatur
1611 464 1786 526 magis
1827 474 1983 526 quam
2021 464 2344 529 corrigitur
2353 478 2376 527 3

604 551 699 601 sed
752 554 812 601 nt
861 563 1063 614 pravas
1116 554 1251 601 artis
1302 552 1580 615 malasque
1623 550 1896 601 lubidines
1942 553 2012 602 ab
2066 552 2374 602 iuventute

605 640 909 701 prohibeas.
980 640 1062 690 Ea
1098 651 1231 689 vera
1270 620 1558 689 clementia
1581 640 1705 705 erit,
1740 640 2103 707 consuluisse,
2141 652 2216 690 ne
2241 652 2372 690 me-

601 729 710 778 rito
759 729 911 778 cives
956 728 1137 790 patria
1180 726 1612 795 expellerentur,
1661 730 1953 778 retinuisse
2006 730 2074 779 ab
2117 727 2371 778 stultitia

562 817 663 867 5et
696 814 855 867 falsis
890 813 1290 880 voluptatibus,
1327 826 1545 879 pacem,
1597 816 1940 865 concordiam
1974 814 2330 866 stabilivisse
2349 828 2367 863 ε

601 915 737 973 non,
772 905 853 971 si,
886 904 1107 967 flagitiis
1144 903 1462 966 obsecutus,
1499 901 1702 953 delicta
1739 914 2049 971 perpessus,
2086 914 2366 966 praesens

601 992 855 1056 gaudium
892 1002 1012 1040 cum
1047 1002 1173 1041 mox
1208 992 1392 1040 futuro
1427 989 1572 1040 malo
1610 992 1970 1041 concesseris.

707 1083 790 1130 Ac
826 1079 957 1129 mihi
990 1080 1229 1145 animus,
1275 1079 1466 1140 quibus
1499 1080 1664 1129 rebus
1699 1077 1799 1129 alii
1833 1078 2052 1146 timent,
2100 1090 2368 1129 muume

603 1169 778 1217 fretus
802 1170 887 1217 est
908 1167 1095 1230 negoti
1118 1165 1491 1227 magnitudine
1527 1168 1582 1216 et
1620 1167 1751 1229 quia
1785 1166 1884 1217 tibi
1919 1170 2106 1217 terrae
2143 1170 2202 1217 et
2238 1178 2364 1217 ma-

530 1253 693 1305 toria
725 1254 886 1305 simul
922 1255 1100 1303 omnia
1134 1253 1504 1315 componenda
1543 1257 1684 1304 sunt.
1773 1250 1987 1317 Quippe
2019 1266 2112 1305 res
2151 1266 2362 1317 parvas

601 1345 808 1393 tantum
861 1342 1136 1405 ingenium
1196 1343 1471 1405 attingere
1529 1343 1818 1405 nequiret:
1893 1353 2127 1406 magnae
2185 1354 2360 1393 curae

600 1442 798 1494 magna
831 1440 1041 1480 merces
1076 1432 1177 1481 est.
1247 1430 1425 1494 Igitur
1458 1428 1751 1492 provideas
1789 1432 2036 1494 oportet,
2075 1432 2160 1481 nti
2197 1430 2358 1493 plebs

600 1516 986 1581 largitionibus
1018 1520 1073 1569 et
1110 1516 1329 1580 publico
1363 1517 1638 1567 frumento
1672 1518 1971 1580 conrupta,
2014 1517 2220 1569 habeat
2255 1528 2356 1567 ne-

602 1608 754 1668 gotia
785 1616 913 1670 sua,
953 1606 1142 1667 quibus
1178 1607 1247 1656 ab
1283 1604 1430 1655 malo
1465 1602 1684 1667 publico
1713 1606 2052 1655 detineaturt
2093 1607 2355 1656 iuventus

528 1693 591 1744 15
608 1694 866 1761 probitati
912 1698 967 1744 et
1017 1694 1345 1758 industriae,
1403 1703 1512 1743 non
1565 1694 1862 1756 sumptibus
1915 1706 2086 1756 neque
2145 1694 2356 1744 divitiis

600 1782 833 1833 studeat.
904 1782 965 1831 ld
1000 1784 1077 1833 ita
1114 1782 1350 1846 eveniet,
1386 1783 1436 1831 si
1469 1783 1753 1849 pecuniae,
1789 1792 1927 1844 quae
1952 1794 2206 1833 maxuma
2233 1794 2354 1833 om-

600 1872 747 1923 nium
783 1870 1057 1933 pernicies
1092 1874 1196 1937 est,
1234 1882 1386 1919 usum
1421 1874 1586 1932 atque
1621 1869 1788 1920 decus
1823 1868 2144 1932 dempseris.
2215 1872 2352 1922 Nam

598 1972 766 2023 saepe
804 1950 907 2024 ego
945 1971 1063 2010 cum
1100 1958 1278 2010 animo
1313 1971 1433 2008 meo
1468 1960 1747 2026 reputans,
1782 1958 1972 2020 quibus
2007 1959 2240 2022 quisque
2261 1971 2353 2010 re-

598 2050 699 2099 bus
746 2047 885 2097 clari
926 2047 1035 2097 viri
1082 2047 1502 2110 magnitudinem
1551 2047 1923 2115 invenissent,
1976 2059 2226 2110 quaeque
2263 2059 2352 2099 res

524 2135 833 2199 zopopulos
869 2135 1193 2185 nationesve
1217 2133 1430 2195 magnis
1455 2135 2030 2201 auctibus2auxissent,
2065 2146 2135 2185 ac
2155 2134 2354 2186 deinde

601 2223 791 2285 quibus
828 2224 1007 2273 causis
1045 2218 1396 2284 amplissuma
1418 2234 1591 2285 regna
1617 2227 1674 2272 et
1705 2221 1938 2284 imperia
1966 2224 2320 2274 conrnissent
2334 2239 2354 2287 3

600 2311 788 2362 eadem
836 2321 1053 2372 semper
1090 2311 1235 2361 bona
1276 2312 1438 2372 atque
1475 2309 1623 2361 mala
1655 2311 2022 2378 reperiebam,
2071 2313 2354 2375 omnisque

598 2400 843 2451 victores
908 2398 1131 2449 divitias
1198 2399 1623 2463 contempsisse,
1694 2401 1751 2448 et
1811 2399 1992 2448 victos
2055 2400 2350 2462 cupivisse.

600 2487 791 2551 Neque
828 2485 992 2538 aliter
1026 2487 1306 2550 quisquam
1341 2485 1612 2537 extollere
1654 2496 1780 2537 sese
1820 2489 1878 2537 et
1913 2485 2101 2539 divina
2138 2491 2348 2540 morta-

523 2575 673 2632 zetis
708 2577 981 2642 attingere
1012 2578 1230 2644 potest,
1275 2575 1414 2636 nisi,
1457 2575 1672 2624 omissis
1705 2575 1971 2637 pecuniae
2008 2577 2068 2626 et
2102 2579 2352 2640 corporis

596 2665 842 2732 gaudiis,
889 2665 1067 2714 animo
1102 2663 1424 2727 indulgens,
1473 2673 1584 2713 non
1619 2661 1958 2729 adsentando
1991 2673 2174 2727 neque
2214 2675 2346 2716 con-

598 2755 783 2815 cupita
819 2752 1161 2816 praebendo,
1210 2760 1538 2813 perversam
1573 2753 1807 2815 gratiam
1843 2749 2166 2816 gratificans
2186 2786 2205 2817 ‚
2258 2753 2351 2802 sed

594 2843 656 2891 in
688 2840 897 2907 labore,
930 2840 1197 2903 patientia
1236 2839 1502 2902 bonisque
1535 2838 1849 2902 praeceptis
1885 2841 1946 2888 et
1977 2839 2150 2890 iactis
2183 2841 2345 2891 forti·

594 2929 697 2979 bus
732 2927 1101 2979 exercitando.

694 3091 734 3132 8.
763 3090 829 3142 ue]
852 3091 904 3132 V.
939 3093 999 3131 uei
1025 3092 1074 3133 G.
1104 3113 1151 3124 —
1184 3092 1225 3131 ⁸.
1254 3089 1416 3144 meo]
1439 3091 1489 3132 V.
1515 3091 1708 3131 emma-ceo
1733 3091 2005 3131 Britannicum
2033 3094 2085 3133 Θ.
2115 3112 2166 3122 -
2199 3093 2239 3134 6.
2264 3045 2358 3142 fis?

595 3159 897 3224 '‘tuomet-um
918 3159 972 3200 V.
1010 3179 1060 3189 —-
1108 3159 1147 3200 ⁷.
1184 3157 1296 3212 em]
1331 3171 1445 3210 quom
1469 3159 1520 3199 V.
1544 3179 1596 3190 -
1643 3157 1709 3200 10.
1742 3169 1897 3208 mcum
1921 3159 1972 3199 V.
2013 3179 2059 3191 —·
2113 3161 2174 3202 ii.
2205 3163 2342 3213 nequ·-

597 3225 681 3279 rce]
707 3227 758 3268 G.
798 3227 903 3279 Noq.
932 3229 1011 3267 iret
1032 3227 1084 3266 V.
1124 3230 1259 3279 nequ-‘t
1283 3226 1432 3278 Volgo.
1468 3247 1518 3258 —-
1565 3227 1627 3267 in.
1663 3224 1795 3279 pleon]
1825 3227 1941 3277 pleps
1965 3227 2016 3268 V.
2050 3227 2188 3278 pieta
2215 3229 2264 3270 Β.
2298 3249 2342 3258 -

600 3296 661 3336 ¹0.
689 3307 803 3346 quon
824 3296 878 3337 V.
906 3317 954 3328 -
989 3296 1053 3337 w.
1080 3293 1282 3347 meib-e]
1309 3295 1568 3336 ciacconius.
1607 3291 1834 3336 mbr-’buu
1858 3295 1906 3335 V.
1943 3295 2194 3336 metm
2217 3297 2268 3338 G.
