2525 3925
635 324 923 382 nnumin
957 326 1471 384 IUGUR'PHINUM.
1499 356 1507 363 -
1822 328 1923 379 119

180 480 283 529 aut
333 488 439 529 una
496 478 659 529 nocte
706 480 948 529 moratus
999 478 1291 529 simulabat
1338 489 1463 527 sese
1509 476 1697 541 negoti
1743 478 1924 541 gratia

178 579 479 630 properare
489 580 507 631 3
560 571 802 617 ceterum
838 566 1194 629 proditionem
1232 566 1485 633 timebat,
1539 575 1698 629 quam
1743 564 1925 615 vitare

182 669 357 719 posse·
378 656 663 707 celeritate
698 633 951 719 putabat3
986 667 1111 705 nam
1136 654 1272 704 talia
1291 653 1522 704 consilia
1555 666 1654 718 per
1676 655 1844 705 otium
1869 658 1926 705 et

181 757 257 795 ex
281 745 679 809 opportunitate
704 744 845 806 capi.
896 746 971 793 At
994 742 1272 808 Metellus,
1307 742 1398 793 ubi
1429 742 1726 807 oppidanos
1758 752 1925 807 proe-

178 833 263 884 lio
284 836 544 900 intentos,
578 833 737 883 simul
762 833 1012 894 oppidum
1044 835 1102 881 et
1126 832 1384 893 operibus
1417 833 1476 881 et
1505 830 1632 881 loco
1664 826 1965 882 munitum5

182 924 369 989 videt,
402 922 555 972 vallo
590 924 845 984 fossaque
880 922 1093 974 moenia
1128 920 1501 969 circumvenit.
1550 919 1757 969 Deinde
1786 920 1928 970 locis

186 1020 261 1059 ex
297 1010 459 1073 copia
493 1022 741 1059 maxume
774 1009 987 1059 idoneis
1011 988 1203 1058 vineas
1229 1018 1417 1073 agere,
1452 1018 1710 1072 aggerem
1737 1010 1930 1059 iacere

183 1101 246 1148 et
275 1110 439 1161 super
472 1109 729 1162 aggerem
762 1098 1012 1160 inpositis
1046 1098 1286 1148 turribus
1321 1108 1456 1158 opus
1493 1098 1549 1146 et
1581 1094 1932 1147 administro!

186 1180 382 1235 tutari.
441 1184 644 1236 Contra
677 1187 811 1236 haec
846 1186 1101 1249 oppidani
1128 1186 1412 1251 festinare,
1443 1196 1672 1249 parare-3
1707 1196 1932 1248 prorsus

187 1274 265 1324 ab
302 1275 548 1336 utrisque
582 1274 715 1323 nihil
746 1275 1016 1337 reliquum
1038 1273 1173 1323 fieri.
1229 1275 1474 1336 Denique
1495 1273 1725 1323 Romani
1758 1272 1929 1325 multo
1943 1270 2008 1324 10

182 1365 323 1413 ante
355 1362 547 1413 labore
579 1361 914 1425 proeliisque
949 1364 1198 1427 fatigati,
1252 1364 1378 1424 post
1419 1362 1536 1411 dies
1572 1362 1936 1427 quadraginta

182 1462 351 1514 quam
384 1462 453 1501 eo
487 1454 708 1501 ventum
742 1454 892 1516 erat,
928 1452 1125 1514 oppido
1159 1454 1318 1501 modo
1356 1453 1546 1515 potiti,
1581 1452 1784 1513 praeda
1816 1461 1935 1501 om-

182 1540 277 1589 nis
313 1540 381 1590 ab
418 1539 664 1603 perfugis
694 1542 973 1602 conrupta.
1025 1542 1074 1589 Ii
1108 1543 1394 1603 postquam
1428 1551 1636 1590 murum
1671 1539 1936 1591 arietibus

186 1627 353 1678 feriri
388 1640 588 1691 resque
624 1640 752 1679 suas
790 1629 1039 1679 adflictas
1073 1630 1280 1691 vident,
1317 1640 1507 1679 aurum
1535 1630 1700 1691 atque
1733 1638 1936 1691 argen-

186 1720 305 1766 tum
340 1719 399 1766 et
435 1716 571 1784 alia,
608 1728 745 1780 quae
780 1719 956 1779 prima
991 1717 1277 1783 ducuntur,
1311 1717 1522 1767 domum
1554 1718 1763 1781 regiam
1798 1724 1932 1765 con·
1946 1712 2010 1766 15

186 1808 445 1869 portant3
496 1805 575 1855 ibi
610 1806 739 1855 vino
776 1811 832 1857 et
865 1806 1041 1869 epulis
1086 1808 1332 1873 onerati,
1385 1804 1591 1868 illaque
1635 1806 1692 1855 et
1725 1806 1936 1854 domum

188 1896 249 1945 et
287 1896 459 1944 semet
498 1894 615 1957 igni
661 1898 1045 1963 conrumpunt‚
1096 1898 1155 1944 et
1208 1906 1345 1957 quas
1390 1896 1528 1944 victi
1573 1894 1640 1944 ab
1689 1891 1936 1944 hostibus

188 1997 403 2048 poenas
438 1984 771 2051 metuerant,
812 1995 908 2034 eas
941 1985 1050 2046 ipsi
1084 1983 1334 2033 volentes
1367 1984 1688 2047 pependere.
1968 1973 1975 1980 ’

298 2071 385 2121 77.
436 2073 543 2123 Sed
579 2074 788 2135 pariter
821 2084 941 2122 cum
981 2076 1145 2134 capta
1178 2071 1356 2124 Thala
1398 2073 1571 2136 legati
1618 2084 1688 2122 ex
1737 2069 1935 2133 oppido

186 2161 358 2223 Lepti
406 2161 474 2212 ad
520 2160 805 2211 Metellum
858 2165 1126 2212 venerant
1170 2163 1421 2229 orantes,
1473 2163 1553 2211 uti
1599 2159 1931 2222 praesidium
1945 2157 2015 2209 20

185 2250 633 2313 praefectumque
675 2261 741 2298 eo
776 2251 1047 2313 mitteret3
1104 2250 1469 2300 Hamilcarem
1507 2249 1800 2314 quendam,
1833 2246 1936 2296 ho-

190 2338 395 2388 minem
430 2339 694 2406 nobilem,
746 2338 1033 2389 factiosum
1052 2373 1067 2401 ‚
1122 2339 1283 2387 novis
1330 2339 1495 2388 rebus
1539 2339 1785 2401 studere,
1837 2335 1938 2385 ad-

190 2436 423 2474 vorsum
458 2437 608 2487 quem
642 2438 825 2491 neque
858 2428 1088 2490 imperia
1121 2427 1532 2489 magistratuum
1571 2434 1748 2487 neque
1780 2421 1938 2488 leges

196 2511 490 2578 valerent3
524 2516 580 2563 ni
613 2516 669 2566 id
704 2516 1012 2576 festinaret,
1048 2517 1105 2564 in
1142 2525 1350 2564 summo
1382 2513 1627 2575 periculo
1661 2523 1814 2561 suam
1845 2523 1940 2563 sa·

188 2600 399 2666 lentem,
456 2601 674 2654 iliorum
720 2604 899 2654 socios
955 2604 1091 2652 fore.
1160 2603 1300 2652 Nam
1339 2601 1614 2664 Leptitani
1661 2602 1770 2650 iam
1808 2598 1936 2648 inde
1947 2599 2014 2650 25

187 2703 227 2741 a
283 2690 547 2756 principio
599 2692 731 2744 belli
781 2687 1091 2756 Iugurthini
1144 2687 1215 2742 ad
1270 2691 1506 2742 Bestiam
1563 2687 1838 2738 consulem
1883 2692 1941 2737 et

186 2784 389 2844 postea
424 2781 646 2832 Romam
682 2782 943 2832 miserant
980 2780 1274 2830 amicitiam
1308 2779 1739 2840 societatemque
1773 2786 1939 2839 roga-

187 2874 327 2944 tum.
398 2870 626 2936 Deinde,
664 2870 755 2919 ubi
791 2881 860 2920 ea
892 2869 1195 2934 inpetrata,
1228 2879 1445 2930 semper
1479 2866 1609 2918 boni
1645 2863 1938 2928 fidelesque

292 3127 335 3166 8.
373 3127 495 3166 oetam
520 3137 570 3165 οε
606 3126 657 3166 V.
685 3147 734 3156 —
781 3127 823 3166 6.
860 3125 967 3166 iubet
988 3125 1089 3166 locis
1124 3126 1175 3167 V.
1204 3127 1255 3166 G.
1287 3149 1333 3158 —
1383 3126 1421 3166 7.
1461 3137 1605 3176 apere,
1642 3138 1835 3177 superque
1869 3137 1938 3165 aas

191 3207 378 3244 ayyerem
414 3195 468 3234 V.
519 3205 636 3244 agere
646 3222 661 3243 ,
702 3193 918 3247 [superque
954 3195 1045 3246 eac]
1086 3207 1266 3245 owen-em
1303 3196 1352 3234 G.
1390 3217 1436 3226 —
1498 3197 1537 3234 8.
1577 3195 1774 3234 ministros
1812 3195 1862 3234 V.
1895 3217 1938 3226 —

192 3265 259 3306 is,
288 3276 315 3302 a
340 3264 391 3304 V.
420 3281 469 3292 ·--
518 3268 707 3313 compen
732 3269 792 3303 ste
813 3265 865 3307 V.
892 3283 943 3295 --
990 3263 1051 3303 m·
1074 3265 1125 3306 V.
1155 3287 1203 3297 —
1255 3264 1317 3303 14.
1347 3275 1485 3302 aarum
1510 3268 1788 3315 argentumque
1808 3261 1863 3302 V.
1891 3281 1940 3291 -

191 3335 259 3372 18.
283 3333 457 3383 pendere
481 3332 532 3372 V.
561 3354 610 3362 —
660 3333 723 3374 24.
750 3333 797 3372 id
818 3335 862 3373 m*
885 3335 935 3374 V.
967 3357 1010 3366 —
1060 3335 1127 3374 28.
1152 3333 1245 3372 dein
1271 3333 1322 3374 V.
1353 3355 1398 3364 —
1448 3333 1660 3382 impetrata
1685 3335 1776 3370 nau
1796 3330 1850 3368 V.
