2525 3925
850 339 1212 397 CATILINA.
1838 343 1912 399 1¹7

150 490 401 543 sceleris
438 503 649 560 eorum,
684 492 774 554 qui
808 503 1015 554 poenas
1052 491 1332 543 dederant.
1384 491 1554 544 Nobis
1587 505 1654 546 ea
1686 507 1778 546 res
1810 507 1910 560 pro

148 582 532 647 magnitudine
566 593 754 644 parum
786 584 1068 642 comperta
1105 585 1203 632 est.

264 669 364 719 23.
423 669 530 719 Sed
576 671 633 718 ln
682 681 749 719 ea
800 669 1173 720 coniuratione
1222 669 1329 721 fuit
1377 667 1440 735 Q.
1479 667 1700 737 Curius,
1753 673 1912 724 natus

154 760 305 809 band
344 760 579 809 obscuro
613 759 757 823 loco,
796 759 1017 822 flagitiis
1052 763 1215 822 atque
1237 759 1574 810 facinoribus
1607 765 1911 827 coopertus,

156 859 323 912 quem
384 859 645 898 censores
697 851 890 898 senatu
942 848 1128 910 probri
1177 851 1358 912 gratia
1402 854 1698 900 moverant.
1769 846 1951 900 Huic5

157 937 371 987 homini
406 947 513 986 non
550 937 726 985 minor
760 937 977 986 vanitas
1012 937 1194 986 inerat
1229 949 1385 999 quam
1427 937 1656 988 audacia
1669 951 1688 1002 3
1735 949 1914 1002 nequo

160 1027 436 1089 reticere,
474 1037 611 1088 quae
648 1025 923 1092 audieratj
960 1036 1135 1087 neque
1170 1027 1382 1076 suamet
1413 1027 1530 1088 ipse
1566 1026 1781 1077 scelera
1817 1039 1915 1078 oc-

164 1115 415 1180 cultare,
464 1125 691 1176 prorsus
741 1125 915 1176 neque
958 1113 1144 1163 dicere
1194 1127 1370 1178 neque
1405 1115 1592 1165 facere
1631 1097 1915 1180 quidquam

162 1205 328 1266 pensi
374 1202 623 1253 habebat.
694 1201 830 1251 Erat
882 1203 933 1251 ci
986 1215 1108 1252 cum
1156 1203 1390 1266 Fulvia,
1450 1203 1676 1254 muliere
1727 1205 1916 1268 nobili,

168 1293 351 1353 stupri
388 1295 548 1342 vetus
585 1290 951 1354 consuetud03
988 1293 1113 1353 quoi
1153 1303 1312 1355 quom
1336 1293 1512 1341 minus
1535 1295 1724 1357 gratus
1748 1295 1912 1359 esset,
1928 1294 1992 1346 10

168 1382 302 1444 quia
324 1381 509 1440 inopia
532 1380 707 1428 minus
730 1379 1187 1447 largiri-poterat,
1224 1383 1450 1442 repente
1479 1381 1724 1444 glorians
1743 1383 1918 1432 maria

164 1471 475 1531 montisque
512 1466 765 1529 polliceri
804 1468 986 1529 coepit
1027 1471 1083 1518 et
1118 1471 1313 1518 minari
1349 1470 1618 1520 interdum
1651 1471 1824 1537 ferro,
1859 1471 1919 1520 ni

166 1559 272 1610 sibi
338 1557 573 1606 obnoxia
630 1557 811 1619 foret,
872 1561 1143 1618 postremo
1202 1559 1446 1608 ferocius
1488 1561 1700 1624 agitare
1758 1571 1918 1622 quam

164 1647 367 1698 solitus
392 1649 528 1696 erat.
577 1644 651 1694 At
684 1645 912 1710 Fulvia,
946 1645 1276 1697 insolentiae
1311 1644 1442 1697 Curi
1478 1659 1645 1698 causa
1677 1649 1918 1715 cognita,

168 1736 283 1788 tale
320 1733 623 1798 periculum
658 1735 746 1782 rei
782 1734 1035 1796 publicae
1068 1734 1209 1784 haud
1247 1733 1521 1786 occultum
1557 1737 1772 1804 habuit,
1817 1735 1914 1785 sed
1930 1733 1994 1788 15

167 1827 389 1878 sublato
426 1829 657 1877 auctore
687 1827 753 1875 de
788 1820 1063 1873 Catilinae
1110 1825 1484 1873 coniuratione
1523 1837 1662 1886 quae
1705 1835 1920 1886 quoque

170 1913 333 1967 modo
366 1917 620 1967 audierat
656 1913 1020 1977 compluribus
1052 1913 1320 1964 narravit.
1390 1909 1472 1962 Ea
1515 1924 1605 1962 res
1640 1913 1696 1960 in
1733 1911 1921 1975 primis

168 2005 354 2056 studia
406 2003 678 2054 hominum
731 2002 984 2054 accendit
1038 2000 1107 2052 ad
1158 2000 1498 2051 consulatum
1563 2004 1922 2051 mandandum

168 2096 243 2144 Μ.
278 2092 465 2144 Tullio
502 2090 771 2143 Ciceroni.
841 2092 1088 2154 Namque
1142 2095 1307 2141 antea
1353 2089 1618 2153 pleraque
1665 2089 1922 2140 nobilitas

168 2184 378 2233 invidia
402 2182 704 2249 aestuabat,
736 2182 796 2231 et
826 2182 979 2243 quasi
1018 2179 1193 2243 pollui
1231 2180 1572 2229 consulatum
1609 2178 2000 2241 credebant,20

174 2272 219 2322 si
260 2284 385 2323 cum
442 2270 690 2335 quamvis
737 2271 993 2334 egregius
1045 2268 1199 2317 homo
1248 2280 1424 2318 novos
1477 2269 1706 2328 adeptus
1756 2267 1922 2316 foret.

176 2360 285 2412 sed
320 2360 414 2410 ubi
450 2358 754 2423 periculum
786 2358 1027 2424 advenit,
1068 2358 1278 2407 invidia
1307 2358 1474 2422 atque
1507 2356 1764 2419 superbia
1799 2358 1926 2418 post

174 2448 349 2500 ruere.
954 2506 963 2515 ⁸

278 2536 371 2587 24.
428 2538 606 2602 Igitur
657 2536 891 2587 comitiis
935 2535 1133 2585 habitis
1180 2533 1433 2607 eonsules
1470 2534 1816 2583 declarantur
1851 2532 1925 2581 Μ.

174 2626 393 2678 Tullius
430 2630 488 2677 et
526 2624 590 2676 G.
626 2627 926 2690 AntoniuS,
982 2625 1121 2686 quod
1169 2623 1372 2673 factum
1424 2624 1598 2685 primo
1645 2620 2002 2683 popularis25

174 2716 575 2767 coniurationis
610 2716 978 2765 concusserat.
1031 2714 1222 2775 Neque
1260 2715 1436 2762 tamen
1471 2708 1740 2759 Catilinae
1774 2710 1930 2758 furor

175 2807 554 2873 minuebatur,
606 2806 702 2854 sed
738 2806 795 2853 in
830 2804 945 2852 dies
984 2802 1144 2868 plura
1180 2802 1425 2867 agitare,
1479 2811 1628 2849 arma
1681 2808 1779 2859 per
1811 2798 1930 2846 Ita-

176 2894 310 2945 liam
346 2894 491 2945 locis
526 2895 847 2956 opportunis
883 2904 1112 2957 parare,
1166 2891 1450 2954 pecuniam
1499 2900 1602 2939 sua
1644 2890 1740 2939 aut
1790 2886 1931 2937 ami-

284 3083 324 3122 3.
351 3082 629 3133 (conventione
656 3079 980 3131 eommunia.)
1005 3101 1055 3110 —
1078 3079 1117 3119 6.
1148 3090 1264 3133 qum
1291 3078 1463 3116 audacia
1487 3077 1618 3117 ineu-ae
1639 3076 1692 3115 V.
1723 3098 1767 3107 -
1791 3074 1831 3115 7.
1860 3084 1933 3111 aaa

182 3153 235 3193 V.
264 3172 320 3183 -
370 3150 432 3192 11.
474 3162 556 3190 om.
586 3154 624 3188 ee
646 3150 700 3192 K.
726 3170 779 3180 --
828 3148 889 3187 18.
928 3150 1008 3187 nini
1044 3146 1211 3186 obnoxia
1247 3146 1299 3186 K.
1329 3170 1373 3179 -
1423 3146 1486 3185 1⁴.
1528 3151 1614 3185 erae
1647 3142 1784 3184 solitus
1807 3142 1860 3183 V.
1888 3164 1932 3173 —

184 3222 339 3260 talaia
358 3232 434 3270 per
456 3219 703 3258 insolentiam
726 3216 779 3257 V.
810 3241 853 3249 —
907 3214 967 3255 16.
994 3218 1288 3264 coniuratione,
1327 3228 1400 3269 quo
1434 3214 1546 3255 modo
1571 3214 1622 3254 V.
1661 3236 1699 3245 -
1749 3212 1814 3251 20.
1844 3222 1934 3249 cre-

185 3290 311 3329 debat
342 3289 393 3328 V.
420 3308 471 3319 -
537 3288 596 3327 21.
633 3299 755 3325 novus
790 3286 844 3327 V.
884 3284 937 3325 K.
978 3310 1022 3318 -
1072 3286 1136 3326 n.
1179 3284 1373 3325 invidias·
1411 3289 1528 3336 atquo
1565 3280 1788 3333 apathia-u
1821 3283 1934 3332 post·

184 3369 358 3411 paeana
380 3357 432 3399 V.
460 3378 511 3388 —
558 3356 624 3397 28.
649 3356 877 3408 opportunis
904 3354 1002 3395 loeis
1025 3354 1077 3395 V.

2486 1939 2498 1963 -ῥ
2487 1786 2496 1892 n—-ss
2489 1685 2493 1714 ⁴—
2487 1625 2494 1638 Α·
2488 1599 2491 1616 -
2486 1559 2491 1578 —
2485 1525 2492 1550 ,ι-
2479 1385 2492 1486 e--A—
