2525 3925
646 336 933 399 1³15.an
966 336 1482 388 menarumtm.
1829 337 1932 389 που

168 485 384 535 vitium
418 492 489 533 ex
522 494 695 546 regno
730 484 903 549 foret,
938 483 1121 533 multis
1156 485 1476 546 magnisque
1508 487 1794 547 praesidiis
1831 500 1930 535 ne-

174 572 483 636 quidquam
518 573 765 634 perditis,
804 571 871 621 de
904 573 1121 635 integro
1157 571 1358 623 bellum
1398 576 1574 622 sumit.
1625 574 1696 623 Et
1731 576 1934 625 Romae

175 664 413 711 senatus
448 663 517 711 de
558 662 859 722 provinciis
904 661 1185 712 consultus
1218 661 1530 711 Numidiam
1569 663 1796 713 Metello
1834 666 1931 713 de-

174 753 459 799 creverat.

286 840 383 887 68.
440 839 547 889 Per
595 838 743 888 idem
797 843 1007 900 tenpus
1059 840 1251 889 Uticae
1299 839 1444 888 forte
1495 842 1558 891 G.
1600 844 1775 891 Mario
1829 844 1970 903 per5

177 928 393 977 hostias
428 926 513 977 dis
548 928 897 989 supplicanti,
938 939 1143 991 magna
1175 930 1341 989 atque
1378 929 1648 979 mirabilia
1683 933 1931 992 portendi

176 1014 457 1076 haruspex
490 1015 733 1079 dixerat3
770 1014 1015 1079 proinde,
1052 1028 1192 1078 quae
1226 1018 1414 1066 animo
1449 1019 1712 1082 agitabat,
1751 1022 1930 1072 fretus
2023 1012 2029 1026 ¹

178 1105 265 1155 dis
321 1108 553 1167 ageret,
611 1105 888 1155 fortunam
948 1117 1111 1167 quam
1168 1107 1506 1166 saepissume
1563 1110 1932 1173 experiretur,

178 1197 391 1243 cuncta
429 1204 693 1254 prospere
742 1197 1025 1255 eventura.
1096 1194 1172 1242 At
1222 1193 1383 1243 illum
1435 1197 1548 1243 iam
1588 1202 1748 1256 antea
1798 1210 1931 1247 con-

176 1280 399 1331 sulatus
432 1283 628 1345 ingens
668 1283 863 1343 cupido
914 1284 1255 1345 exagitabat,
1290 1284 1376 1332 ,ad
1416 1295 1572 1345 quem
1611 1287 1926 1346 capiundum
1941 1294 2008 1343 10

176 1373 407 1432 praeter
448 1370 781 1419 vetustatem
822 1370 1072 1420 familiae
1118 1370 1231 1420 alia
1266 1372 1452 1420 omnia
1493 1373 1706 1422 abunde
1757 1379 1932 1439 erant,

176 1459 475 1525 industria,
506 1460 767 1523 probitas,
800 1457 1032 1511 militiae
1056 1470 1257 1522 magna
1281 1461 1532 1526 scientia,
1563 1464 1774 1511 animus
1800 1464 1930 1513 belii

180 1550 413 1610 ingens,
468 1545 619 1595 domi
654 1546 934 1613 modicus,
986 1546 1242 1597 lubidinis
1287 1550 1343 1597 et
1383 1547 1692 1598 divitiarum
1733 1548 1932 1616 victor,

182 1636 563 1685 tantummodo
610 1634 823 1697 gloriae
868 1638 1080 1686 avidus.
1150 1638 1259 1685 Sed
1305 1638 1357 1685 is
1403 1639 1565 1685 natus
1606 1646 1662 1687 et
1711 1652 1928 1689 omnem

182 1724 471 1784 pueritiam
496 1720 692 1785 Arpini
714 1723 878 1786 altus,
912 1725 1003 1773 ubi
1026 1725 1251 1785 primum
1283 1727 1437 1775 aetas
1461 1725 1694 1775 militiae
1715 1730 1924 1788 patiens
1943 1737 2004 1787 15

184 1812 319 1873 fuit,
340 1820 361 1839 ··
378 1812 665 1872 stipendiis
710 1812 1009 1876 faciundis,
1060 1818 1171 1861 non
1209 1814 1423 1863 Graeca
1462 1815 1716 1865 facundia
1753 1828 1930 1879 neque

180 1900 407 1950 urbanis
440 1900 717 1951 munditiis
762 1910 885 1951 sese
932 1901 1179 1950 exercuit
1190 1915 1209 1965 3
1260 1902 1340 1949 ita
1384 1903 1531 1951 inter
1579 1906 1713 1953 artis
1760 1904 1930 1955 bonas

184 1991 459 2053 integrum
492 1991 765 2054 ingenium
818 1990 975 2040 brevi
1023 1989 1284 2038 adolevit.
1352 1990 1502 2053 Ergo
1551 1995 1642 2043 ubi
1691 1996 1926 2055 primum

180 2079 513 2128 tribunatum
546 2077 835 2128 militarem
878 2090 913 2129 a
948 2079 1150 2140 populo
1187 2079 1354 2143 petit,
1406 2079 1686 2143 plerisque
1724 2082 1924 2132 faciem

178 2171 295 2218 eius
340 2167 753 2232 ignorantibus,
804 2165 971 2216 facile
1018 2169 1178 2217 notus
1224 2180 1326 2230 per
1371 2172 1548 2218 omnis
1597 2172 1770 2236 tribus
1825 2174 1920 2222 de·-
1935 2177 2002 2226 20

182 2256 443 2307 elai-atur.
516 2254 725 2304 Deinde
770 2257 841 2305 ab
886 2268 953 2305 eo
1000 2258 1324 2320 magistratu
1372 2256 1544 2306 alium
1590 2263 1716 2321 post
1755 2261 1924 2309 alium

180 2345 283 2394 sibi
304 2343 537 2408 peperit,
574 2355 895 2406 semperque
922 2345 979 2394 in
1002 2347 1364 2407 potestatibus
1387 2358 1454 2394 eo
1477 2346 1638 2395 modo
1664 2349 1925 2410 agitabat,

184 2437 247 2482 ut
278 2432 549 2495 ampliore
581 2443 739 2494 quam
773 2433 1003 2496 gerebat
1034 2432 1229 2495 dignus
1266 2434 1574 2484 baberetur.
1637 2437 1842 2486 'tamen
1877 2440 1926 2486 is

186 2521 257 2570 ad
291 2523 343 2570 id
372 2521 621 2570 locoru·
662 2519 791 2570 talis
811 2523 901 2570 vir
932 2524 1083 2578 (nam
1117 2525 1312 2582 postea
1349 2523 1644 2572 ambitione
1667 2536 1927 2586 praeceps

186 2611 345 2662 datus
390 2611 507 2667 est)
548 2615 737 2671 petere
784 2615 891 2658 non
928 2609 1174 2659 audebat.
1244 2609 1536 2658 Etiamtum
1573 2610 1712 2660 alios
1748 2616 1927 2676 magi·
1937 2622 2002 2672 25

176 2702 389 2750 stratus
413 2697 623 2760 plebes,
657 2697 996 2748 consulatum
1032 2698 1292 2748 nobilitas
1326 2698 1471 2747 inter
1507 2711 1566 2748 se
1603 2711 1702 2761 per
1737 2713 1926 2750 manus

178 2788 449 2838 tradebat.
518 2785 706 2837 Novus
752 2797 911 2836 nemo
954 2789 1068 2835 tam
1107 2786 1292 2836 clarus
1328 2797 1506 2850 neque
1539 2791 1654 2836 tam
1690 2791 1927 2851 egregiis

174 2878 347 2927 factis
372 2879 509 2938 erat3
547 2876 677 2937 quin
711 2875 761 2924 is
794 2875 1047 2938 indignus
1069 2875 1169 2924 ilio
1192 2876 1398 2926 bonore
1423 2879 1480 2926 et
1501 2878 1658 2937 quasi
1684 2877 1930 2938 pollutus

176 2967 493 3015 haberetur.
743 3017 754 3022 -

278 3052 375 3106 64.
417 3053 594 3115 Igitur
629 3052 719 3101 ubi
754 3053 963 3102 Marius
998 3053 1308 3114 haruspicis
1343 3053 1492 3102 dicta
1521 3052 1708 3102 eodem
1743 3057 1924 3104 inten-
1939 3063 2004 3114 30

280 3200 323 3240 9.
349 3209 543 3248 ρνοιρσσ
568 3197 621 3236 Κ.
655 3219 698 3229 -
725 3197 787 3237 1⁴.
817 3203 855 3235 et
874 3209 950 3246 per
974 3210 1122 3236 omnm
1146 3198 1196 3236 V.
1222 3220 1270 3228 -
1305 3198 1368 3236 2³.
1395 3199 1456 3236 ute·
1479 3199 1532 3239 K.
1563 3221 1608 3230 -—
1643 3199 1695 3238 to
1736 3206 1807 3247 eet,
1833 3212 1927 3239 con-

172 3269 355 3309 sulatum
380 3271 566 3317 appetere
590 3266 640 3307 V.
670 3270 741 3314 ese,
768 3265 957 3315 adpetere
982 3269 1033 3308 (ἑ.
1050 3287 1099 3296 --
1122 3267 1184 3306 88.
1208 3266 1322 3318 pleb»
1347 3266 1397 3309 G.
1417 3287 1464 3296 -
1490 3267 1553 3307 ²⁷.
1585 3267 1720 3306 Nom
1745 3268 1796 3308 V.
1815 3269 1862 3308 κ.
1879 3287 1928 3297 —

174 3338 363 3387 φησὶ.
386 3335 435 3376 V.
462 3335 516 3374 K.
