2525 3925
535 255 650 309 294
1073 247 1438 303 EPITOMAE
1473 248 1534 297 Τ.
1572 247 1751 297 mvn

531 400 778 453 centibus
805 400 968 449 moto.
1040 393 1108 460 Q.
1136 393 1405 445 Servilius
1442 393 1736 459 proconsul
1762 394 1819 441 in
1841 392 2043 455 oppido
2072 390 2279 441 Asculo

535 501 661 539 cum
699 488 945 537 omnibus
982 486 1196 535 civibus
1218 484 1500 548 Romanis,
1538 482 1631 544 qui
1666 483 1721 530 in
1760 494 1825 529 eo
1862 480 2063 542 oppido
2103 484 2281 541 erant,
2458 512 2460 559 ]

538 577 754 627 occisus
789 577 889 624 est.
960 574 1109 635 Saga
1142 570 1377 634 populus
1416 572 1667 632 sumpsit.
1742 572 1860 617 Ser.
1887 568 2066 618 Galba
2104 582 2138 617 a
2170 569 2285 616 Lu-

538 665 692 715 canis
729 662 1150 725 comprehensus
1187 660 1345 709 unius
1379 660 1617 709 feminae
1654 668 1835 720 opera,
1880 658 1948 706 ad
1983 668 2149 719 quam
2191 658 2287 705 de-

497 753 882 817 5vertebatur‚
915 749 1239 811 captivitate
1278 750 1559 808 exemptus
1594 748 1695 795 est.
1767 747 2036 795 Aesernia
2064 746 2123 794 et
2145 744 2290 793 Alba

540 840 790 892 coloniae
825 840 892 889 ab
929 839 1138 888 Italicis
1174 839 1431 887 obsessae
1467 837 1608 884 sunt.
1680 832 1904 883 Auxilia
1938 830 2140 882 deinde
2180 832 2291 881 La-

540 929 646 979 tini
684 928 917 979 nominis
951 930 1409 987 externarumque
1444 922 1685 988 gentium
1722 922 1889 971 missa
1926 920 2138 983 populo
2180 922 2293 969 Ro-

541 1028 733 1084 mano,
785 1019 843 1065 et
878 1016 1250 1078 expeditiones
1297 1014 1355 1061 in
1398 1012 1576 1061 vicem
1612 1010 2161 1073 expugnationesque
2202 1020 2292 1058 ur-

545 1105 688 1154 bium
722 1103 1050 1155 referuntur.

470 1294 550 1349 10·
1147 1292 1193 1341 11
1212 1292 1231 1341 i
1253 1293 1286 1344 b
1306 1307 1337 1343 e
1353 1306 1385 1344 r
1432 1296 1675 1347 Lxxm.

645 1408 711 1457 L.
759 1407 932 1459 lulius
989 1404 1191 1461 Caesar
1245 1411 1439 1459 consul
1497 1410 1639 1459 male
1696 1409 1961 1459 adversus
2016 1409 2359 1464 samnites&

544 1498 823 1559 pugnavit.
892 1496 1036 1546 Nola
1071 1496 1288 1548 colonia
1324 1500 1377 1546 in
1416 1502 1741 1560 potestatem
1781 1498 2109 1547 Samnitium
2147 1500 2300 1547 venit

547 1595 670 1633 cum
702 1582 766 1633 Ia.
803 1586 1078 1634 Postumio
1122 1590 1400 1648 praetore,
1458 1588 1550 1647 qui
1596 1588 1664 1636 ab
1712 1587 1780 1634 iis
1828 1585 2162 1634 interfectus
2200 1588 2296 1634 est.

549 1667 874 1733 Complures
923 1672 1109 1735 populi
1157 1673 1226 1722 ad
1274 1674 1460 1723 hostes
1504 1673 1832 1721 defecerunt.
1903 1669 2041 1720 Cum
2083 1673 2143 1720 P.
2185 1674 2298 1721 Ru-

471 1757 704 1811 15t111us
759 1759 950 1809 consul
1000 1759 1142 1809 male
1192 1762 1457 1811 adversus
1510 1762 1691 1810 hostes
1736 1762 1949 1810 Marsos
1994 1764 2303 1823 pugnasset

547 1848 606 1897 et
639 1848 696 1897 in
731 1847 944 1909 proelio
978 1849 1298 1913 cecidisset,
1336 1844 1393 1897 C.
1420 1850 1629 1898 Marius
1664 1846 1878 1910 legatus
1913 1849 2033 1896 eius
2071 1848 2303 1897 meliore

545 1937 746 1987 eventu
789 1947 909 1986 cum
949 1936 1194 1987 hostibus
1235 1937 1493 1986 conflixit.
1566 1936 1684 1985 Ser.
1720 1936 1997 1998 Sulpicius
2038 1934 2299 2000 Pelignus

548 2023 759 2085 proelio
805 2023 963 2073 fudit.
1035 2020 1100 2086 Q.
1143 2022 1348 2086 Caepio
1390 2023 1603 2086 legatus
1641 2025 1836 2074 Rutilii
1875 2036 2001 2072 eum
2039 2027 2298 2074 obsessus

551 2121 816 2173 prospere
838 2113 898 2161 in
921 2111 1106 2162 hostes
1131 2115 1401 2174 erupisset
1425 2116 1483 2162 et
1504 2115 1573 2164 ob
1600 2126 1722 2162 eum
1742 2124 2060 2162 successum
2088 2124 2297 2175 aequa·

477 2195 547 2250 20
561 2202 670 2248 tum
705 2200 760 2246 ei
793 2209 916 2248 cum
943 2195 1003 2247 C.
1027 2201 1204 2249 Mario
1245 2204 1393 2248 esset
1426 2201 1722 2265 imperium,
1764 2203 2090 2250 temerarius
2115 2201 2297 2250 factus

553 2287 611 2337 et
645 2287 1046 2336 circumventus
1093 2288 1308 2338 insidiis
1353 2287 1475 2338 fuso
1524 2291 1769 2338 exercitu
1816 2288 2029 2340 cecidit.
2104 2291 2172 2338 L.
2206 2291 2299 2337 Iu-

550 2373 661 2425 lius
697 2371 900 2425 Caesar
947 2375 1135 2424 consul
1180 2375 1425 2426 feliciter
1468 2377 1733 2427 adversus
1768 2377 2039 2427 Samnites
2084 2388 2298 2441 pugna-

552 2463 650 2514 vit.
722 2460 802 2514 Ob
853 2473 974 2513 eam
1027 2463 1317 2514 victoriam
1352 2465 1564 2515 Romae
1614 2477 1749 2527 saga
1797 2467 1977 2526 posita
2016 2467 2162 2514 sunt.
2234 2465 2305 2514 Et

553 2551 616 2601 ut
654 2553 814 2602 varia
846 2550 978 2600 belli
1030 2553 1248 2602 fortuna
1285 2555 1457 2617 esset,
1498 2553 1768 2602 Aesernia
1804 2552 2023 2604 colonia
2064 2565 2189 2602 cum
2224 2555 2299 2602 Μ.

485 2633 824 2690 25Murcello
871 2641 930 2688 in
976 2643 1305 2701 potestatem
1340 2640 1655 2690 Samnitium
1695 2641 1861 2691 venit.
1935 2639 2043 2690 Sed
2080 2637 2141 2691 C.
2181 2643 2307 2691 Ma-

563 2725 681 2778 rius
714 2727 928 2792 proelio
960 2730 1176 2779 Marsos
1213 2727 1383 2794 fudit,
1428 2729 1595 2778 Herio
1633 2729 1822 2778 Asinio
1858 2733 2114 2792 praetore
2149 2733 2308 2781 Mar-

561 2948 768 3016 κοινῆς
826 2954 1134 3026 σωτηρίας.
1203 2956 1305 3008 καὶ
1351 2952 1587 3019 τούτοις
1630 2953 1965 3028 ἐπέτρεψαν
2018 2952 2095 3006 τὰ
2149 2955 2311 3008 κατὰ

560 3035 668 3090 τὸν
693 3035 954 3106 πόλεμον
992 3041 1252 3104 διοικεῖν,
1290 3040 1737 3116 αὗτοκράτορας
1774 3041 2131 3110 ποιήσαντες
2169 3043 2315 3108 τοὺς

561 3125 896 3202 συνέδρους.
967 3119 1137 3184 οὗτοι
1170 3127 1226 3182 δ’
1263 3129 1711 3200 ἐνομοθέτησαν
1746 3127 1853 3184 δύο
1888 3129 1997 3198 μὲν
2039 3127 2315 3198 ὑπάτους

561 3211 694 3269 κατ’
731 3214 1004 3272 ἐνιαυτὸν
1040 3217 1353 3291 αἱρεῖσθαι,
1390 3217 1613 3274 δώδεκα
1649 3219 1709 3276 δὲ
1744 3217 2127 3292 στρατηγούς.
