2525 3925
503 311 616 365 248
1018 306 1383 361 Epiruma
1418 307 1482 359 'l'-
1518 306 1699 361 mvn

501 457 816 523 bilissimas,
851 457 1116 509 suadebat
1141 456 1358 507 senatui
1380 452 1917 518 Karthaginiensium
1949 453 2011 504 ut
2046 465 2249 516 pacem

502 558 539 597 a
591 544 793 609 populo
838 545 1082 597 Romano
1135 546 1389 608 peterent
1404 558 1422 607 ς
1481 554 1583 593 nec
1636 542 1840 609 tenuit,
1890 543 2249 607 obstrepente

499 636 734 687 Barcina
774 634 1032 685 factione.
1103 631 1363 684 claudius
1400 630 1699 682 Marcellae
1747 632 1968 693 praetor
2014 632 2085 683 ad
2127 633 2248 685 No-

502 722 644 787 lam,
695 725 979 786 eruptione
1027 724 1295 774 adversus
1330 720 1685 773 Hannibalem
1730 732 1801 769 ex
1842 720 2039 784 oppido
2076 721 2246 773 tacta,

463 814 770 878 5prospere
819 814 1099 878 pugnavit.
1167 812 1459 861 Exercitus
1502 807 1825 861 Hannibalis
1872 821 1973 871 per
2018 809 2249 861 hiberna

503 900 721 965 Capuae
757 904 837 953 ita
873 901 1182 953 luxuriatus
1229 900 1342 965 est,
1400 900 1458 949 ut
1496 910 1783 961 corporum
1819 898 2029 948 viribus
2076 900 2247 962 atque

502 992 808 1041 animorum
851 990 1229 1041 enervaretur.
1313 984 1609 1037 Casilinum
1651 998 1687 1037 a
1721 987 1917 1037 Poenis
1964 987 2243 1037 obsessum

502 1080 584 1129 ita
617 1080 762 1129 fame
799 1080 1050 1127 vexatum
1089 1080 1200 1141 est,
1239 1078 1298 1127 ut
1321 1076 1448 1127 lora
1472 1080 1527 1125 et
1550 1073 1726 1137 pelles
1750 1077 1923 1125 scutis
1945 1074 2242 1138 detractas,

500 1168 634 1217 item
668 1176 851 1215 mures
891 1168 1098 1227 essent,
1145 1169 1202 1215 et
1247 1166 1477 1215 nucibus
1524 1175 1623 1226 per
1660 1163 1988 1213 Vulturnum
2028 1175 2243 1214 amnem

428 1253 540 1306 10a
563 1254 828 1304 Romanis
860 1254 1044 1304 missis
1073 1254 1329 1303 vixerint.
1400 1254 1635 1303 Senatus
1672 1263 1740 1301 ex
1774 1254 2017 1314 equestri
2052 1253 2247 1303 ordine

501 1328 799 1394 bominibus
871 1344 1084 1391 centum
1149 1342 1449 1406 nonaginta
1516 1344 1729 1403 septem
1788 1340 2077 1404 suppletus
2142 1345 2247 1393 est.

500 1430 562 1479 L.
588 1429 893 1480 Postumius
930 1432 1154 1491 praetor
1179 1442 1213 1480 a
1241 1429 1420 1481 Gallis
1459 1441 1579 1478 cum
1618 1431 1864 1480 exercitu
1903 1441 2099 1480 caesus
2136 1432 2243 1483 est.

502 1514 599 1568 Cn.
637 1519 694 1568 et
731 1519 791 1568 P.
825 1518 1114 1579 Scipiones
1149 1519 1208 1567 in
1241 1518 1503 1581 Hispania
1542 1517 1935 1570 Hasdrubalem
1982 1518 2317 1571 vicerunt⁵³⁹

500 1608 558 1656 et
575 1606 888 1669 Hispaniam
911 1619 1064 1658 suam
1100 1609 1369 1657 fecerunt.
1440 1606 1725 1669 Reliquiae
1746 1603 2045 1657 Cannensis
2078 1620 2249 1659 exer-

427 1694 490 1746 15
507 1696 646 1745 citus
695 1696 755 1745 in
804 1696 1050 1747 Siciliam
1105 1695 1389 1760 relegatae
1428 1698 1578 1759 sunt,
1632 1706 1704 1745 ne
1748 1694 2069 1746 recederent
2118 1697 2249 1747 inde

499 1785 612 1835 nisi
653 1784 807 1836 finito
853 1784 1018 1836 bello.
1101 1788 1249 1835 inter
1298 1782 1601 1845 Philippum
1645 1783 2001 1834 Macedonum
2046 1796 2243 1849 regem

501 1874 558 1923 et
591 1872 954 1925 Hannibalem
985 1874 1226 1925 societas
1262 1875 1449 1923 iuncta
1484 1876 1585 1922 est.
1672 1872 2027 1934 Sempronius
2060 1872 2243 1924 Grac-

501 1960 634 2011 chus
683 1962 875 2014 consul
922 1959 1224 2026 Campanos
1274 1963 1487 2014 cecidit.
1558 1963 1855 2012 Praeterea
1895 1963 1951 2011 in
1987 1963 2239 2014 Sardinia

499 2047 740 2101 feliciter
773 2063 810 2100 a
841 2051 902 2100 Τ.
926 2051 1134 2102 Manlio
1170 2055 1426 2112 praetore
1465 2051 1729 2101 adversus
1763 2050 1974 2100 Poenos
2000 2051 2233 2102 Sardos-

422 2142 612 2198 2oque
647 2148 740 2186 reu
775 2139 962 2201 gestas
997 2140 1241 2189 continet
1257 2153 1278 2201 3
1314 2151 1349 2188 a
1386 2150 1492 2201 quo
1516 2139 1823 2190 Hasdrubal
1854 2140 1962 2188 dux
1988 2142 2045 2190 et
2068 2142 2241 2205 Mago

497 2226 554 2274 et
589 2225 785 2276 Hanno
821 2227 986 2288 capti.
1054 2221 1315 2276 Claudius
1350 2227 1650 2278 Marcellus
1698 2230 1920 2290 praetor
1956 2228 2241 2278 Hanniba-

495 2311 570 2364 lis
589 2315 905 2364 -exercitum
941 2314 1008 2364 ad
1045 2315 1248 2366 Nolam
1285 2316 1496 2379 proelio
1530 2315 1671 2366 fudit
1708 2319 1767 2367 et
1804 2317 1964 2380 vicit,
2001 2317 2243 2378 primus-

497 2415 604 2467 que
651 2406 736 2455 tot
783 2403 1030 2455 cladibus
1073 2403 1236 2455 fessis
1278 2405 1539 2456 Romanis
1582 2405 1862 2456 meliorem
1906 2416 2055 2468 spem
2098 2404 2239 2458 belli

495 2493 658 2544 dedit.

419 2607 485 2659 25
1129 2612 1367 2666 Liber
1417 2611 1610 2662 XXIV.

596 2732 960 2795 Hieronymus
996 2731 1474 2792 Syracusanorum
1524 2742 1649 2795 rex,
1700 2733 1853 2782 cuius
1890 2743 2027 2782 avus
2067 2731 2243 2782 Hiero

495 2820 704 2870 amicus
737 2821 925 2885 populi
960 2820 1188 2870 Romani
1223 2819 1404 2872 fuerat
1424 2853 1441 2888 ,
1473 2819 1542 2872 ad
1565 2821 2046 2885 Karthaginienses
2083 2819 2241 2869 defe-

497 2907 602 2974 cit,
641 2908 696 2957 et
730 2911 954 2972 propter
991 2908 1371 2960 crudelitatem
1403 2909 1811 2972 superbiamque
1844 2922 1879 2959 a
1911 2909 2023 2958 suis
2059 2909 2240 2960 inter-

494 2992 674 3044 fectus
722 2997 822 3046 est.
899 2997 979 3048 Ti.
1028 2998 1379 3062 Sempronius
1426 2998 1705 3050 Gracchus
1753 2996 2049 3060 proconsul
2100 3007 2238 3062 pro-

591 3227 657 3269 ni.
697 3227 920 3270 Marcam
950 3231 1140 3284 praem]
1164 3233 1331 3284 corrige
1356 3232 1577 3277 Marc-aluo
1602 3235 1739 3276 conoul
1778 3245 1829 3274 ex
1855 3233 1968 3275 Livii
1992 3233 2071 3280 28,
2098 3243 2136 3272 o.
2163 3232 2228 3273 82.

494 3301 538 3336 et
557 3297 620 3340 “-
