2525 3925
861 322 1236 421 multotum
1274 365 1431 418 CXL.
1912 366 2021 417 285

200 560 204 567 .
285 516 488 580 populo
540 516 702 581 regia
753 514 896 565 clam
947 510 1174 578 cypron
1225 514 1471 578 profugit
1486 525 1505 574 ;
1564 514 1623 561 et
1674 523 1794 563 eum
1844 516 2024 565 sorori

285 611 406 656 eius
441 602 799 667 Cleopatrae,
835 615 1000 666 quam
1036 602 1150 653 filia
1184 603 1305 653 eius
1337 602 1553 665 virg-ine
1592 612 1692 662 per
1726 602 1834 651 vim
1873 614 2025 651 com·-

286 705 479 755 pressa
501 695 664 754 atque
687 693 745 740 in
765 692 1162 742 matrimonium
1187 688 1353 739 ducta
1372 690 1778 755 repudiaverat,
1802 700 2025 761 regnum

289 793 324 831 a
359 775 560 843 {vopulo
590 780 771 829 datum
807 783 974 845 esset,
1005 778 1252 827 infensus
1287 776 1457 827 filium
1496 788 1651 839 quem
1689 789 1758 827 ex
1791 774 1893 825 illa
1928 777 2027 825 ba-

289 869 450 917 bebat
485 866 660 929 cypri
695 866 926 931 occidit,
977 870 1243 927 caputque
1283 865 1403 915 eius
1447 868 1503 915 et
1543 876 1732 915 manus
1768 868 1825 914 et
1860 866 2067 925 pedes5

187 947 450 1007 '62⁵matri
487 956 646 1013 misit.
717 954 1026 1005 seditiones
1072 966 1108 1003 a
1150 952 1459 1003 triumviris
1492 951 1692 1003 Fulvio
1725 951 1931 1003 Flacco
1969 957 2027 1001 et

289 1043 349 1093 C.
375 1042 624 1093 Graccho
659 1044 719 1091 et
749 1038 808 1091 C.
833 1042 1052 1104 Papirio
1080 1038 1330 1091 Carbone
1364 1051 1501 1105 agro
1535 1040 1831 1091 dividundo
1866 1052 2027 1090 crea-

287 1134 362 1181 tis
401 1132 706 1193 excitatae3
757 1130 952 1193 quibus
987 1140 1108 1179 cum
1143 1128 1198 1177 P.
1223 1129 1411 1191 scipio
1436 1128 1730 1180 Africanus
1766 1129 2028 1179 adversa·

287 1222 471 1281 retur,
523 1218 796 1280 fortisque
831 1229 900 1267 ac
937 1215 1152 1267 validus
1194 1216 1262 1265 de
1305 1216 1394 1267 die
1442 1215 1653 1267 domum
1686 1226 1749 1267 se
1784 1218 2029 1278 recepis-

291 1312 411 1371 set,
459 1308 698 1355 mortuus
731 1306 790 1355 in
822 1303 1072 1355 cubiculo
1115 1305 1371 1355 inventus
1414 1308 1518 1356 est.
1587 1306 1862 1367 Suspecta
1905 1304 2109 1367 fuit,10

294 1400 563 1456 tamquam
609 1396 663 1443 ei
709 1404 980 1443 venenum
1013 1392 1280 1456 dedisset,
1330 1392 1656 1457 Sempronia
1690 1405 1853 1457 uxor,
1904 1378 2068 1443 hinc'

291 1485 529 1533 maxime
565 1482 708 1545 quod
743 1492 906 1532 soror
938 1484 1090 1531 esset
1123 1480 1489 1533 Gracchorum
1506 1515 1523 1545 ‚
1564 1492 1685 1531 cum
1724 1482 1917 1545 quibus
1952 1484 2033 1531 si-

291 1570 490 1621 multas
544 1570 806 1629 Africano
854 1571 1052 1621 fuerat.
1123 1569 1204 1621 De
1256 1574 1431 1620 morte
1484 1572 1666 1620 tamen
1716 1572 1835 1619 eius
1884 1568 2035 1619 nulla

293 1659 544 1721 quaestio
593 1660 735 1709 acta.
831 1656 914 1707 Eo
970 1658 1232 1707 defuneto
1297 1657 1594 1707 seditiones
1659 1656 2033 1707 triumvirales

291 1747 478 1795 acrius
517 1749 856 1795 exarserunt.
927 1741 984 1793 C.
1020 1745 1373 1806 Sempronius
1409 1743 1599 1794 consul
1635 1748 1829 1795 contra
1860 1745 2028 1807 iapy-
2045 1750 2108 1800 15

292 1834 389 1883 das
427 1834 600 1895 primo
641 1845 758 1882 rem
805 1831 949 1881 male
987 1833 1194 1895 gessit3
1247 1844 1371 1881 mox
1409 1833 1647 1881 victoria
1683 1831 1891 1883 cladem
1930 1846 2031 1883 ac-

299 1927 516 1984 ceptam
553 1919 864 1971 emendavit
897 1920 1102 1971 virtute
1139 1920 1202 1972 D.
1237 1920 1383 1970 Iunii
1414 1920 1585 1988 Bruti,
1618 1921 1755 1987 eius,
1795 1923 1885 1984 qui
1922 1923 2037 1972 Lu-

293 2010 546 2062 sitaniam
583 2007 893 2071 subegerat.

963 2167 1201 2220 Liber
1256 2170 1372 2221 Lx.

215 2283 294 2324 oco
395 2276 458 2326 L.
496 2273 752 2327 Aurelius
803 2274 996 2326 consul
1031 2275 1369 2328 rebellantes
1404 2277 1611 2329 Sardos
1648 2278 1884 2344 subegit.
1952 2280 2027 2332 Μ.
2046 2277 2113 2330 20

217 2364 528 2416 esoFulvius
558 2363 797 2414 Flaccus
829 2364 1036 2425 primus
1063 2363 1457 2426 Transalpinos
1478 2365 1711 2428 Ligures
1752 2367 1901 2418 bello
1935 2366 2039 2416 do-

293 2457 456 2516 muit,
505 2452 700 2503 missus
736 2452 795 2502 in
831 2450 1095 2502 auxilium
1128 2450 1565 2503 Massiliensibus
1606 2451 1872 2504 adversus
1906 2453 2037 2506 Sal·—

293 2540 480 2591 luvios
531 2537 756 2601 Gallos,
813 2540 908 2604 qui
958 2537 1096 2588 tines
1145 2537 1571 2590 Massiliensium
1626 2540 2038 2602 populabantur.

215 2629 360 2680 emta.
385 2626 630 2689 Opimius
663 2629 886 2690 praeim-
921 2624 1302 2690 Fregellanos,
1346 2627 1441 2692 qui
1480 2627 1813 2691 defecerant,
1850 2631 1905 2678 in
1940 2629 2038 2680 de-

295 2717 556 2766 ditionem
580 2716 814 2780 accepit,
849 2712 1138 2779 Fregellas
1163 2713 1349 2764 diruit.
1417 2715 1736 2766 Pestilentia
1760 2717 1817 2764 in
1844 2717 2035 2770 Africa
2046 2715 2113 2766 25

297 2806 368 2856 ab
403 2805 614 2868 ingenti
648 2801 980 2854 locustarum
1017 2799 1361 2852 multitudine
1396 2805 1453 2852 et
1483 2803 1679 2853 deinde
1714 2795 2040 2856 'necatarum

299 2898 491 2955 strage
525 2892 700 2941 fuisse
735 2889 986 2941 traditur.
1055 2889 1309 2940 Lustrum
1344 2900 1381 2939 a
1416 2892 1733 2942 censoribus
1769 2893 2037 2944 conditum

301 2983 420 3031 est:
459 2989 624 3030 censa
655 2981 782 3030 sunt
819 2979 1021 3028 civium
1055 2977 1238 3038 capita
1274 2979 1521 3028 trecenta
1556 2978 1859 3044 nonaginta
1890 2981 2041 3052 milia

219 3070 650 3132 eaoseptingenta
689 3068 919 3133 triginta
955 3077 1072 3116 sex.
1144 3061 1204 3114 C.
1241 3063 1522 3116 Graecinus
1538 3097 1555 3130 ‚
1601 3066 1805 3117 Tiberii
1850 3069 2042 3142 frater,

303 3157 554 3206 tribunus
590 3156 794 3218 piebis,
849 3154 1190 3218 eloquentior
1234 3163 1399 3215 quam
1450 3153 1648 3214 frater,
1706 3155 2119 3216 perniciosasso

221 3244 518 3308 osialiquot
555 3242 711 3306 leges
753 3242 909 3308 tulit,
955 3243 1101 3294 inter
1141 3250 1277 3302 quas
1317 3241 1753 3304 frumentariam,
1800 3247 1907 3294 «ut
1950 3257 2043 3296 se-

305 3335 478 3382 misse
527 3334 586 3381 et
637 3332 834 3382 triente
885 3330 1210 3380 frumentum
1259 3323 1407 3390 plebi
1458 3325 1709 3391 daretur3
1730 3342 1759 3374 ιο
1814 3327 2043 3381 alteram
