2525 3925
537 341 642 390 sie
979 396 987 405 .
1066 332 1433 385 ΕΡιΤοΜΑΕ
1475 334 1537 383 Τ.
1572 334 1755 385 mvn

537 485 672 535 urbe
707 483 866 533 Utica
900 482 1126 543 propter
1163 481 1409 529 favorem
1445 479 1691 527 civitatis
1724 480 1843 527 eius
1876 478 1933 527 in
1977 474 2283 527 Caesarem

537 572 958 631 deliberaretur,
1009 568 1172 630 idque
1207 578 1277 615 ne
1312 566 1469 615 fieret
1502 567 1577 613 Μ.
1614 563 1748 614 Cato
1796 565 2091 629 tenuisset,
2146 566 2284 614 iuba

537 660 826 724 suadente,
879 661 936 705 ut
973 655 1311 717 dirueretur,
1360 654 1538 705 tutela
1572 654 1693 701 eius
1740 656 1797 703 et
1839 653 2087 701 custodia
2123 664 2283 701 man-

539 750 664 798 data
697 750 784 797 est
817 742 1024 795 Catoni.
1097 740 1192 792 Cn.
1228 741 1511 803 Pompeius
1546 740 1731 803 Magni
1776 738 1923 790 filius
1971 740 2031 787 in
2075 740 2281 800 Hispa-

497 829 636 886 5nia
682 834 976 884 contractis
1018 830 1256 894 viribus,
1309 839 1535 890 quarum
1584 829 1834 876 ducatum
1882 838 1985 877 nee
2018 826 2283 875 Afranius

535 934 639 973 nee
676 921 922 970 Petreius
957 920 1212 979 excipere
1260 915 1547 976 volebant,
1598 913 1799 963 bellum
1837 913 2103 963 adversus
2140 912 2283 961 Cae-

537 1019 713 1059 sarem
738 1006 1043 1056 renovavit.
1102 1004 1407 1052 Pharnaces
1430 1002 1759 1051 Mithridatis
1784 1000 1945 1062 iilius,
1980 1012 2080 1049 rex
2106 1002 2282 1065 Ponti,

538 1098 658 1145 sine
693 1092 809 1143 ulla
845 1092 974 1143 belli
1011 1103 1161 1141 mora
1195 1092 1374 1140 victus
1404 1093 1505 1139 est.
1575 1085 1711 1137 Cum
1748 1088 2046 1137 seditiones
2070 1088 2277 1135 Romae

538 1194 574 1231 a
606 1182 662 1229 P.
687 1178 974 1231 Dolabella
1012 1179 1226 1228 tribuno
1276 1177 1478 1238 plebis,
1534 1174 1716 1237 legem
1752 1177 1967 1224 ferente
2014 1173 2081 1223 de
2120 1175 2281 1223 novis

467 1266 533 1317 10
545 1267 772 1333 tabulis,
824 1269 1095 1316 excitatae
1133 1270 1345 1328 essent,
1396 1268 1451 1313 et
1484 1276 1552 1313 ex
1584 1275 1651 1313 ea
1689 1273 1857 1312 eausa
1892 1261 2049 1323 plebs
2082 1261 2282 1311 tumul-

539 1358 820 1417 tuaretur,
870 1352 1108 1403 inductis
1154 1364 1187 1400 a
1233 1356 1307 1401 Μ.
1348 1353 1582 1402 Antonio
1628 1338 1888 1414 magistro
1940 1351 2181 1411 equitum
2226 1350 2279 1397 in

539 1443 726 1492 urbem
763 1440 1029 1490 militibus
1068 1441 1370 1501 octingenti
1415 1451 1448 1488 e
1485 1438 1643 1499 plebe
1679 1440 1827 1487 caesi
1860 1440 2005 1487 sunt.
2078 1434 2279 1485 Caesar

538 1530 820 1579 veteranis
854 1539 971 1578 eum
1009 1529 1279 1576 seditione
1316 1528 1623 1576 missionem
1664 1524 2065 1587 postulantibus
2100 1524 2277 1581 dedit;

541 1621 614 1679 et,
653 1628 778 1667 eum
813 1618 870 1665 in
901 1616 1147 1665 Africam
1182 1616 1509 1676 traiecisset,
1546 1618 1741 1663 contra
1774 1614 1961 1675 copias
1987 1614 2157 1663 lubae
2190 1620 2279 1659 re-

467 1700 530 1751 15
543 1706 632 1770 gis
665 1716 790 1755 eum
827 1704 1136 1754 discrimine
1171 1713 1373 1765 magno
1407 1702 1685 1765 pugnavit.

1180 1873 1413 1923 Liber
1466 1870 1657 1922 CXIV.

653 1985 862 2037 Bellum
911 1985 967 2032 in
1014 1981 1181 2043 Syria
1231 1978 1501 2030 Caecilius
1552 1981 1751 2035 Bassus
1799 1989 1965 2042 eques
2012 1979 2279 2029 Romanus

543 2075 992 2135 Pompeianarum
1028 2070 1264 2131 partium
1296 2068 1576 2130 excitavit,
1612 2067 1809 2117 relicto
1844 2080 1877 2117 a
1912 2066 2137 2130 legione
2160 2069 2278 2116 Sex.

545 2155 802 2221 Caesare,
839 2171 978 2219 quae
1010 2155 1078 2207 ad
1110 2158 1333 2206 Bassum
1371 2156 1680 2219 transierat,
1713 2157 2008 2219 occisoque
2043 2169 2111 2206 eo
2146 2153 2281 2204 Cae-

468 2249 640 2301 20sar
665 2235 978 2306 Scipionem
1016 2247 1347 2309 praetorem,
1386 2244 1673 2292 Afranium
1710 2245 2007 2305 Iubamque
2046 2245 2183 2293 vicit
2214 2241 2345 2292 ad7⁰⁸

543 2335 846 2399 Thapsum,
895 2334 1093 2382 castris
1141 2344 1330 2382 eorum
1381 2334 1723 2396 expugnatis.
1808 2329 1943 2380 Cato
1994 2333 2178 2382 audita
2220 2343 2281 2380 re

543 2434 662 2472 cum
695 2433 757 2472 se
794 2422 1154 2483 percussisset
1189 2422 1399 2482 Uticae,
1444 2424 1501 2469 et
1535 2421 1933 2468 interveniente
1968 2418 2085 2468 filio
2123 2431 2281 2469 cura·

541 2513 713 2576 retur,
751 2509 899 2558 inter
933 2510 1106 2570 ipsam·
1137 2508 1469 2556 curationem
1506 2511 1741 2557 rescisso
1774 2507 2003 2557 vulnere
2032 2510 2281 2569 exspira-

542 2598 641 2658 vit,
676 2608 817 2646 anno
852 2598 1052 2645 aetatis
1088 2595 1501 2657 quadragesimo
1539 2599 1750 2644 octavo.
1820 2595 2068 2644 Petreius
2098 2597 2281 2645 Iubam

466 2690 712 2747 25seque
747 2683 1041 2733 interfecit.
1113 2684 1170 2730 P.
1208 2683 1395 2742 Scipio
1446 2683 1498 2730 in
1548 2693 1690 2730 nave
1739 2684 2150 2732 circumventus
2186 2684 2281 2730 bo-

539 2777 731 2821 nestae
768 2773 928 2821 morti
967 2781 1153 2819 vocem
1193 2780 1407 2830 quoque
1444 2770 1675 2818 adiecit:
1722 2770 2107 2829 quaerentibus
2143 2771 2281 2818 enim

539 2861 916 2919 imperatorem
955 2857 1197 2906 hostibus
1247 2856 1385 2904 dixit
1422 2856 1765 2916 «Imperator
1799 2856 1933 2904 bene
1974 2869 2037 2904 se
2074 2857 2279 2906 babet.»

541 2944 778 2994 Faustus
826 2949 882 2994 et
925 2945 1184 2994 Afranius
1233 2931 1423 2992 occisi.
1496 2941 1716 2994 Catonis
1762 2941 1876 2993 illio
1928 2943 2093 2992 venia
2140 2946 2279 2993 data.

639 3159 707 3199 00.
729 3159 981 3208 praecorum]
1005 3161 1277 3207 proconsules·
1300 3161 1551 3224 Gronovius..
1564 3179 1612 3188 -
1636 3159 1697 3199 Μ.
1725 3159 1891 3209 oetaeo]
1916 3171 1939 3198 e
1964 3159 2094 3199 codd.
2122 3160 2283 3210 Kreys—

544 3230 622 3280 si‘.
653 3226 830 3268 nokker.
855 3225 988 3274 Vulgo
1013 3239 1128 3266 nono.
1159 3247 1206 3260 -—
1245 3227 1311 3266 86.
1338 3237 1471 3266 uocem
1496 3237 1647 3276 quoquo
1672 3227 1849 3278 edicas]
1875 3227 1967 3266 Nini
1990 3229 2159 3280 seu-ipsit
2178 3229 2283 3278 Epi-

545 3303 740 3338 toinator:
775 3304 906 3331 vocem
932 3303 1056 3340 aeque
1089 3293 1293 3332 bustum
1316 3293 1493 3338 adiecit,
1529 3295 1589 3333 sie
1616 3294 1758 3334 saltem
1784 3295 2081 3346 interpretator.

165 3431 249 3833 p
356 3596 1113 3854 ιιι-ιν
1170 3572 1555 3856 fl
