<?xml version="1.0" encoding="UTF-8"?>
<!DOCTYPE html PUBLIC "-//W3C//DTD XHTML 1.0 Transitional//EN"
    "http://www.w3.org/TR/xhtml1/DTD/xhtml1-transitional.dtd">
<html xmlns="http://www.w3.org/1999/xhtml" xml:lang="en" lang="en">
 <head>
  <title>
</title>
<meta http-equiv="Content-Type" content="text/html;charset=utf-8" />
  <meta name='ocr-system' content='tesseract 3.04.00' />
  <meta name='ocr-capabilities' content='ocr_page ocr_carea ocr_par ocr_line ocrx_word'/>
</head>
<body>
  <div class='ocr_page' id='page_1' title='image "./catilinaetiugur00livygoog_0145.png"; bbox 0 0 2525 3925; ppageno 0'>
   <div class='ocr_carea' id='block_1_1' title="bbox 632 296 1925 385">
    <p class='ocr_par' dir='ltr' id='par_1_1' title="bbox 632 296 1925 385">
     <span class='ocr_line' id='line_1_1' title="bbox 632 296 1925 385; baseline 0.005 -13"><span class='ocrx_word' id='word_1_1' title='bbox 632 320 919 385; x_wconf 64' lang='lat' dir='ltr'><strong>nannum</strong></span> <span class='ocrx_word' id='word_1_2' title='bbox 954 320 1474 375; x_wconf 64' lang='lat' dir='ltr'><strong>monumen.</strong></span> <span class='ocrx_word' id='word_1_3' title='bbox 1822 296 1925 379; x_wconf 73' lang='lat' dir='ltr'><strong>ies</strong></span> 
     </span>
    </p>
   </div>
   <div class='ocr_carea' id='block_1_2' title="bbox 142 466 2006 1585">
    <p class='ocr_par' dir='ltr' id='par_1_2' title="bbox 142 466 2006 1585">
     <span class='ocr_line' id='line_1_2' title="bbox 142 466 1922 533; baseline 0 -12"><span class='ocrx_word' id='word_1_4' title='bbox 142 468 384 533; x_wconf 80' lang='lat' dir='ltr'><strong>ullum,</strong></span> <span class='ocrx_word' id='word_1_5' title='bbox 435 478 613 530; x_wconf 78' lang='lat' dir='ltr'><strong>neque</strong></span> <span class='ocrx_word' id='word_1_6' title='bbox 662 466 839 529; x_wconf 82' lang='lat' dir='ltr'><strong>pluris</strong></span> <span class='ocrx_word' id='word_1_7' title='bbox 881 468 1025 530; x_wconf 88' lang='lat' dir='ltr'><strong>preti</strong></span> <span class='ocrx_word' id='word_1_8' title='bbox 1061 479 1251 520; x_wconf 85' lang='lat' dir='ltr'><strong>cocum</strong></span> <span class='ocrx_word' id='word_1_9' title='bbox 1283 480 1442 531; x_wconf 76' lang='lat' dir='ltr'><strong>quam</strong></span> <span class='ocrx_word' id='word_1_10' title='bbox 1467 467 1702 519; x_wconf 80' lang='lat' dir='ltr'><strong>‚vilicum</strong></span> <span class='ocrx_word' id='word_1_11' title='bbox 1734 470 1922 521; x_wconf 76' lang='lat' dir='ltr'><strong>haheo.</strong></span> 
     </span>
     <span class='ocr_line' id='line_1_3' title="bbox 144 552 1924 622; baseline 0.002 -15"><span class='ocrx_word' id='word_1_12' title='bbox 144 554 337 621; x_wconf 81' lang='lat' dir='ltr'><strong>Quae</strong></span> <span class='ocrx_word' id='word_1_13' title='bbox 370 557 501 607; x_wconf 80' lang='lat' dir='ltr'><strong>mihi</strong></span> <span class='ocrx_word' id='word_1_14' title='bbox 548 554 700 607; x_wconf 83' lang='lat' dir='ltr'><strong>lubet</strong></span> <span class='ocrx_word' id='word_1_15' title='bbox 747 555 1028 622; x_wconf 81' lang='lat' dir='ltr'><strong>confiteri,</strong></span> <span class='ocrx_word' id='word_1_16' title='bbox 1081 552 1356 619; x_wconf 77' lang='lat' dir='ltr'><strong>Quirites3</strong></span> <span class='ocrx_word' id='word_1_17' title='bbox 1405 567 1532 607; x_wconf 85' lang='lat' dir='ltr'><strong>nam</strong></span> <span class='ocrx_word' id='word_1_18' title='bbox 1581 568 1652 607; x_wconf 86' lang='lat' dir='ltr'><strong>ex</strong></span> <span class='ocrx_word' id='word_1_19' title='bbox 1697 563 1924 621; x_wconf 84' lang='lat' dir='ltr'><strong>parente</strong></span> 
     </span>
     <span class='ocr_line' id='line_1_4' title="bbox 146 629 1925 709; baseline 0.001 -14"><span class='ocrx_word' id='word_1_20' title='bbox 146 657 297 695; x_wconf 84' lang='lat' dir='ltr'><strong>meo</strong></span> <span class='ocrx_word' id='word_1_21' title='bbox 335 646 395 693; x_wconf 83' lang='lat' dir='ltr'><strong>et</strong></span> <span class='ocrx_word' id='word_1_22' title='bbox 426 655 499 693; x_wconf 87' lang='lat' dir='ltr'><strong>ex</strong></span> <span class='ocrx_word' id='word_1_23' title='bbox 534 643 661 695; x_wconf 83' lang='lat' dir='ltr'><strong>aliis</strong></span> <span class='ocrx_word' id='word_1_24' title='bbox 690 629 899 694; x_wconf 79' lang='lat' dir='ltr'><strong>sanctis</strong></span> <span class='ocrx_word' id='word_1_25' title='bbox 933 644 1071 693; x_wconf 82' lang='lat' dir='ltr'><strong>viris</strong></span> <span class='ocrx_word' id='word_1_26' title='bbox 1108 646 1185 694; x_wconf 82' lang='lat' dir='ltr'><strong>ita</strong></span> <span class='ocrx_word' id='word_1_27' title='bbox 1220 646 1445 709; x_wconf 85' lang='lat' dir='ltr'><strong>accepi,</strong></span> <span class='ocrx_word' id='word_1_28' title='bbox 1477 646 1770 696; x_wconf 85' lang='lat' dir='ltr'><strong>munditias</strong></span> <span class='ocrx_word' id='word_1_29' title='bbox 1803 659 1925 697; x_wconf 85' lang='lat' dir='ltr'><strong>mu·</strong></span> 
     </span>
     <span class='ocr_line' id='line_1_5' title="bbox 148 731 1925 798; baseline 0 -15"><span class='ocrx_word' id='word_1_30' title='bbox 148 733 407 783; x_wconf 73' lang='lat' dir='ltr'><strong>liei-ibus</strong></span> <span class='ocrx_word' id='word_1_31' title='bbox 424 763 445 797; x_wconf 90' lang='lat'>,</span> <span class='ocrx_word' id='word_1_32' title='bbox 495 732 633 784; x_wconf 81' lang='lat' dir='ltr'><strong>viris</strong></span> <span class='ocrx_word' id='word_1_33' title='bbox 679 731 925 783; x_wconf 82' lang='lat' dir='ltr'><strong>laborem</strong></span> <span class='ocrx_word' id='word_1_34' title='bbox 980 733 1280 783; x_wconf 83' lang='lat' dir='ltr'><strong>convenire</strong></span> <span class='ocrx_word' id='word_1_35' title='bbox 1296 765 1314 798; x_wconf 91' lang='lat'><strong>,</strong></span> <span class='ocrx_word' id='word_1_36' title='bbox 1367 733 1720 795; x_wconf 79' lang='lat' dir='ltr'><strong>omnibusque</strong></span> <span class='ocrx_word' id='word_1_37' title='bbox 1767 734 1925 791; x_wconf 79' lang='lat' dir='ltr'><strong>bonis</strong></span> 
     </span>
     <span class='ocr_line' id='line_1_6' title="bbox 148 818 1964 888; baseline 0.002 -15"><span class='ocrx_word' id='word_1_38' title='bbox 148 824 433 884; x_wconf 74' lang='lat' dir='ltr'><strong>oportere</strong></span> <span class='ocrx_word' id='word_1_39' title='bbox 464 819 591 881; x_wconf 88' lang='lat' dir='ltr'><strong>plus</strong></span> <span class='ocrx_word' id='word_1_40' title='bbox 622 818 837 883; x_wconf 85' lang='lat' dir='ltr'><strong>gloriae</strong></span> <span class='ocrx_word' id='word_1_41' title='bbox 872 832 1030 881; x_wconf 83' lang='lat' dir='ltr'><strong>quam</strong></span> <span class='ocrx_word' id='word_1_42' title='bbox 1066 822 1378 871; x_wconf 82' lang='lat' dir='ltr'><strong>divitiarum</strong></span> <span class='ocrx_word' id='word_1_43' title='bbox 1419 832 1542 871; x_wconf 83' lang='lat' dir='ltr'><strong>esse</strong></span> <span class='ocrx_word' id='word_1_44' title='bbox 1552 835 1573 885; x_wconf 79' lang='lat'>3</span> <span class='ocrx_word' id='word_1_45' title='bbox 1608 832 1778 888; x_wconf 85' lang='lat' dir='ltr'><strong>arma,</strong></span> <span class='ocrx_word' id='word_1_46' title='bbox 1809 823 1964 876; x_wconf 84' lang='lat' dir='ltr'><strong>non5</strong></span> 
     </span>
     <span class='ocr_line' id='line_1_7' title="bbox 154 904 1926 973; baseline -0.001 -13"><span class='ocrx_word' id='word_1_47' title='bbox 154 905 584 972; x_wconf 79' lang='lat' dir='ltr'><strong>supellectilem</strong></span> <span class='ocrx_word' id='word_1_48' title='bbox 624 909 809 958; x_wconf 88' lang='lat' dir='ltr'><strong>decori</strong></span> <span class='ocrx_word' id='word_1_49' title='bbox 846 920 985 959; x_wconf 87' lang='lat' dir='ltr'><strong>esse.</strong></span> <span class='ocrx_word' id='word_1_50' title='bbox 1041 904 1181 971; x_wconf 80' lang='lat' dir='ltr'><strong>Quin</strong></span> <span class='ocrx_word' id='word_1_51' title='bbox 1216 920 1351 973; x_wconf 81' lang='lat' dir='ltr'><strong>ergo</strong></span> <span class='ocrx_word' id='word_1_52' title='bbox 1390 910 1534 971; x_wconf 85' lang='lat' dir='ltr'><strong>quod</strong></span> <span class='ocrx_word' id='word_1_53' title='bbox 1571 910 1744 972; x_wconf 85' lang='lat' dir='ltr'><strong>iuvat,</strong></span> <span class='ocrx_word' id='word_1_54' title='bbox 1781 910 1926 972; x_wconf 83' lang='lat' dir='ltr'><strong>quod</strong></span> 
     </span>
     <span class='ocr_line' id='line_1_8' title="bbox 160 996 2004 1076; baseline 0.002 -29"><span class='ocrx_word' id='word_1_55' title='bbox 160 1008 371 1047; x_wconf 80' lang='lat' dir='ltr'><strong>carum</strong></span> <span class='ocrx_word' id='word_1_56' title='bbox 408 996 748 1059; x_wconf 68' lang='lat' dir='ltr'><strong>aestimant,</strong></span> <span class='ocrx_word' id='word_1_57' title='bbox 802 996 863 1049; x_wconf 85' lang='lat' dir='ltr'><strong>id</strong></span> <span class='ocrx_word' id='word_1_58' title='bbox 906 1008 1120 1059; x_wconf 82' lang='lat' dir='ltr'><strong>semper</strong></span> <span class='ocrx_word' id='word_1_59' title='bbox 1163 996 1402 1060; x_wconf 76' lang='lat' dir='ltr'><strong>faciant3</strong></span> <span class='ocrx_word' id='word_1_60' title='bbox 1454 1001 1664 1064; x_wconf 79' lang='lat' dir='ltr'><strong>ament,</strong></span> <span class='ocrx_word' id='word_1_61' title='bbox 1717 1001 1927 1064; x_wconf 83' lang='lat' dir='ltr'><strong>potent,</strong></span> <span class='ocrx_word' id='word_1_62' title='bbox 1945 1018 2004 1076; x_wconf 65' lang='lat'><strong>„-</strong></span> 
     </span>
     <span class='ocr_line' id='line_1_9' title="bbox 160 1082 1928 1153; baseline -0.001 -16"><span class='ocrx_word' id='word_1_63' title='bbox 160 1086 269 1137; x_wconf 81' lang='lat' dir='ltr'><strong>ubi</strong></span> <span class='ocrx_word' id='word_1_64' title='bbox 306 1082 735 1135; x_wconf 74' lang='lat' dir='ltr'><strong>adulescentiam</strong></span> <span class='ocrx_word' id='word_1_65' title='bbox 780 1084 1049 1151; x_wconf 75' lang='lat' dir='ltr'><strong>habuere,</strong></span> <span class='ocrx_word' id='word_1_66' title='bbox 1097 1085 1175 1137; x_wconf 83' lang='lat' dir='ltr'><strong>ibi</strong></span> <span class='ocrx_word' id='word_1_67' title='bbox 1218 1086 1565 1135; x_wconf 81' lang='lat' dir='ltr'><strong>senectutem</strong></span> <span class='ocrx_word' id='word_1_68' title='bbox 1613 1088 1810 1153; x_wconf 80' lang='lat' dir='ltr'><strong>agant,</strong></span> <span class='ocrx_word' id='word_1_69' title='bbox 1865 1086 1928 1135; x_wconf 77' lang='lat' dir='ltr'><strong>in</strong></span> 
     </span>
     <span class='ocr_line' id='line_1_10' title="bbox 164 1172 1928 1237; baseline 0.001 -14"><span class='ocrx_word' id='word_1_70' title='bbox 164 1172 453 1223; x_wconf 75' lang='lat' dir='ltr'><strong>conviviis</strong></span> <span class='ocrx_word' id='word_1_71' title='bbox 469 1203 487 1236; x_wconf 90' lang='lat'><strong>,</strong></span> <span class='ocrx_word' id='word_1_72' title='bbox 536 1172 707 1222; x_wconf 87' lang='lat' dir='ltr'><strong>dediti</strong></span> <span class='ocrx_word' id='word_1_73' title='bbox 740 1173 925 1223; x_wconf 85' lang='lat' dir='ltr'><strong>ventri</strong></span> <span class='ocrx_word' id='word_1_74' title='bbox 959 1175 1015 1222; x_wconf 88' lang='lat' dir='ltr'><strong>et</strong></span> <span class='ocrx_word' id='word_1_75' title='bbox 1050 1174 1418 1235; x_wconf 74' lang='lat' dir='ltr'><strong>turpissumae</strong></span> <span class='ocrx_word' id='word_1_76' title='bbox 1452 1175 1598 1235; x_wconf 88' lang='lat' dir='ltr'><strong>parti</strong></span> <span class='ocrx_word' id='word_1_77' title='bbox 1642 1175 1894 1235; x_wconf 84' lang='lat' dir='ltr'><strong>corporis</strong></span> <span class='ocrx_word' id='word_1_78' title='bbox 1905 1187 1928 1237; x_wconf 73' lang='grc' dir='ltr'><strong><em>ς</em></strong></span> 
     </span>
     <span class='ocr_line' id='line_1_11' title="bbox 163 1257 2006 1329; baseline 0 -18"><span class='ocrx_word' id='word_1_79' title='bbox 163 1261 439 1311; x_wconf 86' lang='lat' dir='ltr'><strong>sudorem</strong></span> <span class='ocrx_word' id='word_1_80' title='bbox 452 1292 468 1324; x_wconf 89' lang='lat'>,</span> <span class='ocrx_word' id='word_1_81' title='bbox 508 1257 793 1319; x_wconf 84' lang='lat' dir='ltr'><strong>pulverem</strong></span> <span class='ocrx_word' id='word_1_82' title='bbox 828 1264 885 1311; x_wconf 87' lang='lat' dir='ltr'><strong>et</strong></span> <span class='ocrx_word' id='word_1_83' title='bbox 918 1259 1033 1311; x_wconf 85' lang='lat' dir='ltr'><strong>alia</strong></span> <span class='ocrx_word' id='word_1_84' title='bbox 1066 1260 1203 1311; x_wconf 87' lang='lat' dir='ltr'><strong>talia</strong></span> <span class='ocrx_word' id='word_1_85' title='bbox 1234 1260 1551 1323; x_wconf 77' lang='lat' dir='ltr'><strong>relinquant</strong></span> <span class='ocrx_word' id='word_1_86' title='bbox 1583 1262 1766 1329; x_wconf 82' lang='lat' dir='ltr'><strong>nobis,</strong></span> <span class='ocrx_word' id='word_1_87' title='bbox 1799 1262 1923 1325; x_wconf 84' lang='lat' dir='ltr'><strong>qui·</strong></span> <span class='ocrx_word' id='word_1_88' title='bbox 1937 1257 2006 1311; x_wconf 80' lang='lat'><strong>1⁰</strong></span> 
     </span>
     <span class='ocr_line' id='line_1_12' title="bbox 169 1346 2002 1409; baseline -0.001 -10"><span class='ocrx_word' id='word_1_89' title='bbox 169 1350 277 1399; x_wconf 77' lang='lat' dir='ltr'><strong>bus</strong></span> <span class='ocrx_word' id='word_1_90' title='bbox 326 1346 431 1397; x_wconf 88' lang='lat' dir='ltr'><strong>illa</strong></span> <span class='ocrx_word' id='word_1_91' title='bbox 479 1346 655 1409; x_wconf 84' lang='lat' dir='ltr'><strong>epulis</strong></span> <span class='ocrx_word' id='word_1_92' title='bbox 706 1349 1027 1399; x_wconf 86' lang='lat' dir='ltr'><strong>iocundiora</strong></span> <span class='ocrx_word' id='word_1_93' title='bbox 1072 1351 1213 1399; x_wconf 79' lang='lat' dir='ltr'><strong>sunt.</strong></span> <span class='ocrx_word' id='word_1_94' title='bbox 1284 1351 1494 1401; x_wconf 88' lang='lat' dir='ltr'><strong>Verum</strong></span> <span class='ocrx_word' id='word_1_95' title='bbox 1537 1358 1650 1401; x_wconf 84' lang='lat' dir='ltr'><strong>non</strong></span> <span class='ocrx_word' id='word_1_96' title='bbox 1701 1352 1790 1401; x_wconf 82' lang='lat' dir='ltr'><strong>est</strong></span> <span class='ocrx_word' id='word_1_97' title='bbox 1831 1350 1928 1399; x_wconf 84' lang='lat' dir='ltr'><strong>ita.</strong></span> <span class='ocrx_word' id='word_1_98' title='bbox 1995 1370 2002 1376; x_wconf 92' lang='lat'><strong>·</strong></span> 
     </span>
     <span class='ocr_line' id='line_1_13' title="bbox 168 1435 1931 1503; baseline 0.001 -18"><span class='ocrx_word' id='word_1_99' title='bbox 168 1436 317 1487; x_wconf 84' lang='lat' dir='ltr'><strong>Nam</strong></span> <span class='ocrx_word' id='word_1_100' title='bbox 354 1436 448 1486; x_wconf 84' lang='lat' dir='ltr'><strong>ubi</strong></span> <span class='ocrx_word' id='word_1_101' title='bbox 482 1446 547 1485; x_wconf 88' lang='lat' dir='ltr'><strong>se</strong></span> <span class='ocrx_word' id='word_1_102' title='bbox 580 1435 801 1499; x_wconf 75' lang='lat' dir='ltr'><strong>flagitiis</strong></span> <span class='ocrx_word' id='word_1_103' title='bbox 851 1435 1254 1488; x_wconf 85' lang='lat' dir='ltr'><strong>dedecoravere</strong></span> <span class='ocrx_word' id='word_1_104' title='bbox 1291 1438 1612 1499; x_wconf 75' lang='lat' dir='ltr'><strong>turpissumi</strong></span> <span class='ocrx_word' id='word_1_105' title='bbox 1643 1437 1782 1503; x_wconf 85' lang='lat' dir='ltr'><strong>viri,</strong></span> <span class='ocrx_word' id='word_1_106' title='bbox 1829 1437 1931 1487; x_wconf 85' lang='lat' dir='ltr'><strong>bo-</strong></span> 
     </span>
     <span class='ocr_line' id='line_1_14' title="bbox 170 1524 1930 1585; baseline 0 -12"><span class='ocrx_word' id='word_1_107' title='bbox 170 1536 387 1583; x_wconf 69' lang='lat' dir='ltr'><strong>norum,</strong></span> <span class='ocrx_word' id='word_1_108' title='bbox 406 1524 655 1583; x_wconf 83' lang='lat' dir='ltr'><strong>praemia</strong></span> <span class='ocrx_word' id='word_1_109' title='bbox 688 1525 929 1585; x_wconf 85' lang='lat' dir='ltr'><strong>ereptum</strong></span> <span class='ocrx_word' id='word_1_110' title='bbox 964 1525 1109 1576; x_wconf 85' lang='lat' dir='ltr'><strong>eunt.</strong></span> <span class='ocrx_word' id='word_1_111' title='bbox 1179 1527 1268 1575; x_wconf 89' lang='lat' dir='ltr'><strong>Ita</strong></span> <span class='ocrx_word' id='word_1_112' title='bbox 1299 1525 1676 1576; x_wconf 74' lang='lat' dir='ltr'><strong>iniustissume</strong></span> <span class='ocrx_word' id='word_1_113' title='bbox 1709 1524 1930 1575; x_wconf 84' lang='lat' dir='ltr'><strong>luxuria</strong></span> 
     </span>
    </p>
   </div>
   <div class='ocr_carea' id='block_1_3' title="bbox 2015 951 2061 1001">
    <p class='ocr_par' dir='ltr' id='par_1_3' title="bbox 2015 951 2061 1001">
     <span class='ocr_line' id='line_1_15' title="bbox 2015 951 2061 1001; baseline 0 0"><span class='ocrx_word' id='word_1_114' title='bbox 2015 951 2061 1001; x_wconf 67' lang='grc' dir='ltr'><strong>κ’</strong></span> 
     </span>
    </p>
   </div>
   <div class='ocr_carea' id='block_1_4' title="bbox 170 1612 2006 2996">
    <p class='ocr_par' dir='ltr' id='par_1_4' title="bbox 170 1612 2006 2996">
     <span class='ocr_line' id='line_1_16' title="bbox 174 1612 1928 1679; baseline 0 -18"><span class='ocrx_word' id='word_1_115' title='bbox 174 1616 240 1661; x_wconf 80' lang='lat' dir='ltr'><strong>et</strong></span> <span class='ocrx_word' id='word_1_116' title='bbox 272 1612 517 1674; x_wconf 79' lang='lat' dir='ltr'><strong>ignavia,</strong></span> <span class='ocrx_word' id='word_1_117' title='bbox 552 1623 835 1673; x_wconf 73' lang='lat' dir='ltr'><strong>pessumae</strong></span> <span class='ocrx_word' id='word_1_118' title='bbox 868 1615 1035 1675; x_wconf 88' lang='lat' dir='ltr'><strong>artes,</strong></span> <span class='ocrx_word' id='word_1_119' title='bbox 1072 1612 1206 1679; x_wconf 83' lang='lat' dir='ltr'><strong>illis,</strong></span> <span class='ocrx_word' id='word_1_120' title='bbox 1246 1615 1342 1675; x_wconf 77' lang='lat' dir='ltr'><strong>qui</strong></span> <span class='ocrx_word' id='word_1_121' title='bbox 1371 1613 1596 1663; x_wconf 88' lang='lat' dir='ltr'><strong>coluere</strong></span> <span class='ocrx_word' id='word_1_122' title='bbox 1631 1625 1756 1676; x_wconf 85' lang='lat' dir='ltr'><strong>eas,</strong></span> <span class='ocrx_word' id='word_1_123' title='bbox 1791 1612 1928 1661; x_wconf 74' lang='lat' dir='ltr'><strong>nihil</strong></span> 
     </span>
     <span class='ocr_line' id='line_1_17' title="bbox 172 1698 2003 1766; baseline 0.004 -17"><span class='ocrx_word' id='word_1_124' title='bbox 172 1698 457 1762; x_wconf 70' lang='lat' dir='ltr'><strong>obiiciunt,</strong></span> <span class='ocrx_word' id='word_1_125' title='bbox 497 1700 581 1749; x_wconf 88' lang='lat' dir='ltr'><strong>rei</strong></span> <span class='ocrx_word' id='word_1_126' title='bbox 617 1698 869 1760; x_wconf 83' lang='lat' dir='ltr'><strong>publicae</strong></span> <span class='ocrx_word' id='word_1_127' title='bbox 908 1700 1164 1751; x_wconf 75' lang='lat' dir='ltr'><strong>innoxiae</strong></span> <span class='ocrx_word' id='word_1_128' title='bbox 1198 1700 1343 1751; x_wconf 84' lang='lat' dir='ltr'><strong>cladi</strong></span> <span class='ocrx_word' id='word_1_129' title='bbox 1377 1705 1520 1752; x_wconf 88' lang='lat' dir='ltr'><strong>sunt.</strong></span> <span class='ocrx_word' id='word_1_130' title='bbox 1567 1702 1745 1766; x_wconf 86' lang='lat' dir='ltr'><strong>Nunc,</strong></span> <span class='ocrx_word' id='word_1_131' title='bbox 1783 1712 1921 1762; x_wconf 85' lang='lat' dir='ltr'><strong>quo-</strong></span> <span class='ocrx_word' id='word_1_132' title='bbox 1937 1702 2003 1755; x_wconf 82' lang='lat'><strong>15</strong></span> 
     </span>
     <span class='ocr_line' id='line_1_18' title="bbox 172 1785 1930 1855; baseline 0 -18"><span class='ocrx_word' id='word_1_133' title='bbox 172 1788 325 1837; x_wconf 84' lang='lat' dir='ltr'><strong>niam</strong></span> <span class='ocrx_word' id='word_1_134' title='bbox 362 1785 508 1851; x_wconf 85' lang='lat' dir='ltr'><strong>illis,</strong></span> <span class='ocrx_word' id='word_1_135' title='bbox 568 1790 825 1849; x_wconf 84' lang='lat' dir='ltr'><strong>quantum</strong></span> <span class='ocrx_word' id='word_1_136' title='bbox 866 1799 1051 1838; x_wconf 86' lang='lat' dir='ltr'><strong>mores</strong></span> <span class='ocrx_word' id='word_1_137' title='bbox 1096 1790 1238 1855; x_wconf 85' lang='lat' dir='ltr'><strong>mei,</strong></span> <span class='ocrx_word' id='word_1_138' title='bbox 1291 1799 1400 1838; x_wconf 88' lang='lat' dir='ltr'><strong>non</strong></span> <span class='ocrx_word' id='word_1_139' title='bbox 1448 1788 1672 1839; x_wconf 86' lang='lat' dir='ltr'><strong>illorum</strong></span> <span class='ocrx_word' id='word_1_140' title='bbox 1715 1788 1930 1851; x_wconf 74' lang='lat' dir='ltr'><strong>flagitia</strong></span> 
     </span>
     <span class='ocr_line' id='line_1_19' title="bbox 172 1874 1928 1941; baseline 0 -16"><span class='ocrx_word' id='word_1_141' title='bbox 172 1875 495 1939; x_wconf 82' lang='lat' dir='ltr'><strong>poscebant,</strong></span> <span class='ocrx_word' id='word_1_142' title='bbox 526 1874 821 1941; x_wconf 83' lang='lat' dir='ltr'><strong>respondi,</strong></span> <span class='ocrx_word' id='word_1_143' title='bbox 856 1886 1034 1939; x_wconf 83' lang='lat' dir='ltr'><strong>pauca</strong></span> <span class='ocrx_word' id='word_1_144' title='bbox 1068 1876 1137 1925; x_wconf 90' lang='lat' dir='ltr'><strong>de</strong></span> <span class='ocrx_word' id='word_1_145' title='bbox 1170 1887 1233 1927; x_wconf 89' lang='lat' dir='ltr'><strong>re</strong></span> <span class='ocrx_word' id='word_1_146' title='bbox 1263 1876 1486 1939; x_wconf 85' lang='lat' dir='ltr'><strong>publica</strong></span> <span class='ocrx_word' id='word_1_147' title='bbox 1517 1874 1733 1941; x_wconf 81' lang='lat' dir='ltr'><strong>loquar.</strong></span> <span class='ocrx_word' id='word_1_148' title='bbox 1802 1875 1928 1925; x_wconf 85' lang='lat' dir='ltr'><strong>Pri-</strong></span> 
     </span>
     <span class='ocr_line' id='line_1_20' title="bbox 172 1959 1929 2028; baseline 0.001 -16"><span class='ocrx_word' id='word_1_149' title='bbox 172 1976 331 2015; x_wconf 88' lang='lat' dir='ltr'><strong>mum</strong></span> <span class='ocrx_word' id='word_1_150' title='bbox 366 1964 609 2014; x_wconf 85' lang='lat' dir='ltr'><strong>omnium</strong></span> <span class='ocrx_word' id='word_1_151' title='bbox 640 1963 709 2014; x_wconf 92' lang='lat' dir='ltr'><strong>de</strong></span> <span class='ocrx_word' id='word_1_152' title='bbox 743 1964 1003 2016; x_wconf 83' lang='lat' dir='ltr'><strong>Numidia</strong></span> <span class='ocrx_word' id='word_1_153' title='bbox 1037 1965 1232 2016; x_wconf 84' lang='lat' dir='ltr'><strong>bonum</strong></span> <span class='ocrx_word' id='word_1_154' title='bbox 1264 1966 1460 2016; x_wconf 80' lang='lat' dir='ltr'><strong>habete</strong></span> <span class='ocrx_word' id='word_1_155' title='bbox 1493 1966 1756 2028; x_wconf 79' lang='lat' dir='ltr'><strong>animum,</strong></span> <span class='ocrx_word' id='word_1_156' title='bbox 1790 1959 1929 2028; x_wconf 73' lang='lat' dir='ltr'><strong>Qui-</strong></span> 
     </span>
     <span class='ocr_line' id='line_1_21' title="bbox 170 2051 1928 2116; baseline -0.001 -12"><span class='ocrx_word' id='word_1_157' title='bbox 170 2053 344 2115; x_wconf 82' lang='lat' dir='ltr'><strong>rites3</strong></span> <span class='ocrx_word' id='word_1_158' title='bbox 380 2063 509 2102; x_wconf 88' lang='lat' dir='ltr'><strong>nam</strong></span> <span class='ocrx_word' id='word_1_159' title='bbox 548 2063 688 2115; x_wconf 82' lang='lat' dir='ltr'><strong>quae</strong></span> <span class='ocrx_word' id='word_1_160' title='bbox 720 2053 791 2102; x_wconf 89' lang='lat' dir='ltr'><strong>ad</strong></span> <span class='ocrx_word' id='word_1_161' title='bbox 824 2054 927 2104; x_wconf 80' lang='lat' dir='ltr'><strong>hoe</strong></span> <span class='ocrx_word' id='word_1_162' title='bbox 963 2055 1177 2115; x_wconf 77' lang='lat' dir='ltr'><strong>tempus</strong></span> <span class='ocrx_word' id='word_1_163' title='bbox 1208 2054 1524 2116; x_wconf 78' lang='lat' dir='ltr'><strong>Iugurtham</strong></span> <span class='ocrx_word' id='word_1_164' title='bbox 1565 2054 1746 2104; x_wconf 85' lang='lat' dir='ltr'><strong>tutata</strong></span> <span class='ocrx_word' id='word_1_165' title='bbox 1781 2051 1928 2113; x_wconf 80' lang='lat' dir='ltr'><strong>sunt,</strong></span> 
     </span>
     <span class='ocr_line' id='line_1_22' title="bbox 172 2139 2006 2206; baseline 0.001 -15"><span class='ocrx_word' id='word_1_166' title='bbox 172 2141 361 2192; x_wconf 84' lang='lat' dir='ltr'><strong>omnia</strong></span> <span class='ocrx_word' id='word_1_167' title='bbox 408 2141 721 2192; x_wconf 73' lang='lat' dir='ltr'><strong>removistis</strong></span> <span class='ocrx_word' id='word_1_168' title='bbox 736 2175 753 2203; x_wconf 90' lang='lat'>‚</span> <span class='ocrx_word' id='word_1_169' title='bbox 806 2141 1126 2206; x_wconf 82' lang='lat' dir='ltr'><strong>avaritiam,</strong></span> <span class='ocrx_word' id='word_1_170' title='bbox 1178 2143 1489 2204; x_wconf 74' lang='lat' dir='ltr'><strong>inperitiam</strong></span> <span class='ocrx_word' id='word_1_171' title='bbox 1525 2142 1693 2204; x_wconf 81' lang='lat' dir='ltr'><strong>atque</strong></span> <span class='ocrx_word' id='word_1_172' title='bbox 1727 2151 1924 2201; x_wconf 82' lang='lat' dir='ltr'><strong>super·</strong></span> <span class='ocrx_word' id='word_1_173' title='bbox 1935 2139 2006 2193; x_wconf 80' lang='lat'><strong>20</strong></span> 
     </span>
     <span class='ocr_line' id='line_1_23' title="bbox 170 2226 1929 2296; baseline -0.003 -14"><span class='ocrx_word' id='word_1_174' title='bbox 170 2230 345 2282; x_wconf 80' lang='lat' dir='ltr'><strong>biam.</strong></span> <span class='ocrx_word' id='word_1_175' title='bbox 415 2228 625 2278; x_wconf 84' lang='lat' dir='ltr'><strong>Deinde</strong></span> <span class='ocrx_word' id='word_1_176' title='bbox 668 2229 943 2278; x_wconf 83' lang='lat' dir='ltr'><strong>exereitus</strong></span> <span class='ocrx_word' id='word_1_177' title='bbox 986 2229 1063 2280; x_wconf 82' lang='lat' dir='ltr'><strong>ibi</strong></span> <span class='ocrx_word' id='word_1_178' title='bbox 1106 2233 1221 2296; x_wconf 86' lang='lat' dir='ltr'><strong>est,</strong></span> <span class='ocrx_word' id='word_1_179' title='bbox 1269 2230 1520 2282; x_wconf 81' lang='lat' dir='ltr'><strong>locorum</strong></span> <span class='ocrx_word' id='word_1_180' title='bbox 1567 2231 1779 2291; x_wconf 84' lang='lat' dir='ltr'><strong>sciens,</strong></span> <span class='ocrx_word' id='word_1_181' title='bbox 1831 2226 1929 2278; x_wconf 86' lang='lat' dir='ltr'><strong>sed</strong></span> 
     </span>
     <span class='ocr_line' id='line_1_24' title="bbox 174 2314 1930 2381; baseline -0.002 -15"><span class='ocrx_word' id='word_1_182' title='bbox 174 2314 493 2367; x_wconf 79' lang='lat' dir='ltr'><strong>mehercule</strong></span> <span class='ocrx_word' id='word_1_183' title='bbox 526 2317 703 2381; x_wconf 84' lang='lat' dir='ltr'><strong>magis</strong></span> <span class='ocrx_word' id='word_1_184' title='bbox 738 2318 993 2366; x_wconf 88' lang='lat' dir='ltr'><strong>strenuus</strong></span> <span class='ocrx_word' id='word_1_185' title='bbox 1022 2329 1187 2379; x_wconf 86' lang='lat' dir='ltr'><strong>quam</strong></span> <span class='ocrx_word' id='word_1_186' title='bbox 1222 2317 1362 2367; x_wconf 73' lang='lat' dir='ltr'><strong>felix</strong></span> <span class='ocrx_word' id='word_1_187' title='bbox 1372 2332 1394 2381; x_wconf 74' lang='lat'>3</span> <span class='ocrx_word' id='word_1_188' title='bbox 1427 2327 1552 2367; x_wconf 87' lang='lat' dir='ltr'><strong>nam</strong></span> <span class='ocrx_word' id='word_1_189' title='bbox 1573 2327 1774 2379; x_wconf 85' lang='lat' dir='ltr'><strong>magna</strong></span> <span class='ocrx_word' id='word_1_190' title='bbox 1795 2326 1930 2376; x_wconf 85' lang='lat' dir='ltr'><strong>pars</strong></span> 
     </span>
     <span class='ocr_line' id='line_1_25' title="bbox 174 2399 1930 2466; baseline 0 -12"><span class='ocrx_word' id='word_1_191' title='bbox 174 2404 301 2454; x_wconf 86' lang='lat' dir='ltr'><strong>eius</strong></span> <span class='ocrx_word' id='word_1_192' title='bbox 334 2403 575 2454; x_wconf 83' lang='lat' dir='ltr'><strong>avaritia</strong></span> <span class='ocrx_word' id='word_1_193' title='bbox 608 2406 703 2454; x_wconf 85' lang='lat' dir='ltr'><strong>aut</strong></span> <span class='ocrx_word' id='word_1_194' title='bbox 738 2405 1049 2454; x_wconf 77' lang='lat' dir='ltr'><strong>temeritate</strong></span> <span class='ocrx_word' id='word_1_195' title='bbox 1084 2402 1278 2454; x_wconf 81' lang='lat' dir='ltr'><strong>dueum</strong></span> <span class='ocrx_word' id='word_1_196' title='bbox 1311 2403 1518 2454; x_wconf 79' lang='lat' dir='ltr'><strong>adtrita</strong></span> <span class='ocrx_word' id='word_1_197' title='bbox 1549 2409 1652 2454; x_wconf 85' lang='lat' dir='ltr'><strong>est.</strong></span> <span class='ocrx_word' id='word_1_198' title='bbox 1723 2399 1930 2466; x_wconf 77' lang='lat' dir='ltr'><strong>Quam-</strong></span> 
     </span>
     <span class='ocr_line' id='line_1_26' title="bbox 174 2491 1929 2558; baseline -0.002 -14"><span class='ocrx_word' id='word_1_199' title='bbox 174 2493 371 2544; x_wconf 80' lang='lat' dir='ltr'><strong>obrem</strong></span> <span class='ocrx_word' id='word_1_200' title='bbox 395 2504 517 2558; x_wconf 83' lang='lat' dir='ltr'><strong>vos‚</strong></span> <span class='ocrx_word' id='word_1_201' title='bbox 552 2491 747 2554; x_wconf 81' lang='lat' dir='ltr'><strong>quibus</strong></span> <span class='ocrx_word' id='word_1_202' title='bbox 782 2491 1041 2542; x_wconf 79' lang='lat' dir='ltr'><strong>militaris</strong></span> <span class='ocrx_word' id='word_1_203' title='bbox 1074 2493 1229 2542; x_wconf 86' lang='lat' dir='ltr'><strong>aetas</strong></span> <span class='ocrx_word' id='word_1_204' title='bbox 1253 2493 1360 2555; x_wconf 86' lang='lat' dir='ltr'><strong>est,</strong></span> <span class='ocrx_word' id='word_1_205' title='bbox 1393 2491 1696 2540; x_wconf 76' lang='lat' dir='ltr'><strong>adnitimini</strong></span> <span class='ocrx_word' id='word_1_206' title='bbox 1717 2501 1929 2541; x_wconf 86' lang='lat' dir='ltr'><strong>mecum</strong></span> 
     </span>
     <span class='ocr_line' id='line_1_27' title="bbox 176 2577 2006 2645; baseline 0.001 -15"><span class='ocrx_word' id='word_1_207' title='bbox 176 2582 235 2632; x_wconf 86' lang='lat' dir='ltr'><strong>et</strong></span> <span class='ocrx_word' id='word_1_208' title='bbox 270 2580 549 2641; x_wconf 76' lang='lat' dir='ltr'><strong>capessite</strong></span> <span class='ocrx_word' id='word_1_209' title='bbox 583 2591 703 2630; x_wconf 88' lang='lat' dir='ltr'><strong>rem</strong></span> <span class='ocrx_word' id='word_1_210' title='bbox 740 2578 1015 2642; x_wconf 83' lang='lat' dir='ltr'><strong>publicam</strong></span> <span class='ocrx_word' id='word_1_211' title='bbox 1028 2611 1049 2645; x_wconf 87' lang='lat'>,</span> <span class='ocrx_word' id='word_1_212' title='bbox 1082 2589 1259 2641; x_wconf 77' lang='lat' dir='ltr'><strong>neque</strong></span> <span class='ocrx_word' id='word_1_213' title='bbox 1298 2589 1626 2640; x_wconf 75' lang='lat' dir='ltr'><strong>quemquam</strong></span> <span class='ocrx_word' id='word_1_214' title='bbox 1665 2589 1735 2628; x_wconf 88' lang='lat' dir='ltr'><strong>ex</strong></span> <span class='ocrx_word' id='word_1_215' title='bbox 1771 2577 1924 2628; x_wconf 88' lang='lat' dir='ltr'><strong>cala·</strong></span> <span class='ocrx_word' id='word_1_216' title='bbox 1936 2577 2006 2631; x_wconf 81' lang='lat'><strong>25</strong></span> 
     </span>
     <span class='ocr_line' id='line_1_28' title="bbox 174 2667 1924 2729; baseline -0.004 -7"><span class='ocrx_word' id='word_1_217' title='bbox 174 2670 368 2722; x_wconf 72' lang='lat' dir='ltr'><strong>nitate</strong></span> <span class='ocrx_word' id='word_1_218' title='bbox 402 2668 763 2720; x_wconf 64' lang='lat' dir='ltr'><strong>alim-umam</strong></span> <span class='ocrx_word' id='word_1_219' title='bbox 794 2670 1195 2729; x_wconf 85' lang='lat' dir='ltr'><strong>imperatorum</strong></span> <span class='ocrx_word' id='word_1_220' title='bbox 1216 2667 1474 2728; x_wconf 83' lang='lat' dir='ltr'><strong>superbia</strong></span> <span class='ocrx_word' id='word_1_221' title='bbox 1495 2669 1671 2716; x_wconf 86' lang='lat' dir='ltr'><strong>metus</strong></span> <span class='ocrx_word' id='word_1_222' title='bbox 1697 2667 1924 2728; x_wconf 84' lang='lat' dir='ltr'><strong>ceperit.</strong></span> 
     </span>
     <span class='ocr_line' id='line_1_29' title="bbox 176 2752 1933 2824; baseline -0.003 -18"><span class='ocrx_word' id='word_1_223' title='bbox 176 2757 421 2820; x_wconf 82' lang='lat' dir='ltr'><strong>Egomet</strong></span> <span class='ocrx_word' id='word_1_224' title='bbox 452 2758 511 2806; x_wconf 89' lang='lat' dir='ltr'><strong>in</strong></span> <span class='ocrx_word' id='word_1_225' title='bbox 544 2757 785 2824; x_wconf 71' lang='lat' dir='ltr'><strong>agmine,</strong></span> <span class='ocrx_word' id='word_1_226' title='bbox 814 2759 873 2806; x_wconf 88' lang='lat' dir='ltr'><strong>in</strong></span> <span class='ocrx_word' id='word_1_227' title='bbox 904 2755 1119 2818; x_wconf 86' lang='lat' dir='ltr'><strong>proelio</strong></span> <span class='ocrx_word' id='word_1_228' title='bbox 1158 2753 1442 2805; x_wconf 80' lang='lat' dir='ltr'><strong>consultor</strong></span> <span class='ocrx_word' id='word_1_229' title='bbox 1474 2752 1624 2804; x_wconf 79' lang='lat' dir='ltr'><strong>idem</strong></span> <span class='ocrx_word' id='word_1_230' title='bbox 1659 2754 1716 2800; x_wconf 85' lang='lat' dir='ltr'><strong>et</strong></span> <span class='ocrx_word' id='word_1_231' title='bbox 1747 2753 1933 2806; x_wconf 80' lang='lat' dir='ltr'><strong>socius</strong></span> 
     </span>
     <span class='ocr_line' id='line_1_30' title="bbox 180 2839 1930 2911; baseline -0.003 -16"><span class='ocrx_word' id='word_1_232' title='bbox 180 2843 419 2907; x_wconf 82' lang='lat' dir='ltr'><strong>periculi</strong></span> <span class='ocrx_word' id='word_1_233' title='bbox 442 2844 723 2896; x_wconf 84' lang='lat' dir='ltr'><strong>vobiscum</strong></span> <span class='ocrx_word' id='word_1_234' title='bbox 744 2844 933 2911; x_wconf 86' lang='lat' dir='ltr'><strong>adero,</strong></span> <span class='ocrx_word' id='word_1_235' title='bbox 962 2854 1155 2906; x_wconf 76' lang='lat' dir='ltr'><strong>meque</strong></span> <span class='ocrx_word' id='word_1_236' title='bbox 1178 2853 1394 2904; x_wconf 75' lang='lat' dir='ltr'><strong>vosque</strong></span> <span class='ocrx_word' id='word_1_237' title='bbox 1415 2842 1473 2892; x_wconf 89' lang='lat' dir='ltr'><strong>in</strong></span> <span class='ocrx_word' id='word_1_238' title='bbox 1499 2839 1744 2892; x_wconf 84' lang='lat' dir='ltr'><strong>omnibus</strong></span> <span class='ocrx_word' id='word_1_239' title='bbox 1766 2839 1930 2890; x_wconf 74' lang='lat' dir='ltr'><strong>rebus</strong></span> 
     </span>
     <span class='ocr_line' id='line_1_31' title="bbox 177 2928 1930 2996; baseline -0.003 -13"><span class='ocrx_word' id='word_1_240' title='bbox 177 2935 333 2984; x_wconf 82' lang='lat' dir='ltr'><strong>iuxta</strong></span> <span class='ocrx_word' id='word_1_241' title='bbox 367 2943 572 2996; x_wconf 82' lang='lat' dir='ltr'><strong>geram.</strong></span> <span class='ocrx_word' id='word_1_242' title='bbox 632 2932 703 2984; x_wconf 81' lang='lat' dir='ltr'><strong>Et</strong></span> <span class='ocrx_word' id='word_1_243' title='bbox 738 2934 989 2996; x_wconf 77' lang='lat' dir='ltr'><strong>profecto</strong></span> <span class='ocrx_word' id='word_1_244' title='bbox 1028 2933 1111 2983; x_wconf 85' lang='lat' dir='ltr'><strong>dis</strong></span> <span class='ocrx_word' id='word_1_245' title='bbox 1144 2930 1462 2982; x_wconf 81' lang='lat' dir='ltr'><strong>iuvantibus</strong></span> <span class='ocrx_word' id='word_1_246' title='bbox 1499 2928 1684 2979; x_wconf 84' lang='lat' dir='ltr'><strong>omnia</strong></span> <span class='ocrx_word' id='word_1_247' title='bbox 1715 2928 1930 2978; x_wconf 82' lang='lat' dir='ltr'><strong>matura</strong></span> 
     </span>
    </p>
   </div>
   <div class='ocr_carea' id='block_1_5' title="bbox 180 3039 573 3054">
    <p class='ocr_par' dir='ltr' id='par_1_5' title="bbox 180 3039 573 3054">
     <span class='ocr_line' id='line_1_32' title="bbox 180 3039 573 3054; baseline 0 871"><span class='ocrx_word' id='word_1_248' title='bbox 180 3039 573 3054; x_wconf 95' lang='lat' dir='ltr'><strong> </strong></span> 
     </span>
    </p>
   </div>
   <div class='ocr_carea' id='block_1_6' title="bbox 180 3065 1936 3343">
    <p class='ocr_par' dir='ltr' id='par_1_6' title="bbox 180 3065 1936 3343">
     <span class='ocr_line' id='line_1_33' title="bbox 280 3065 1932 3148; baseline -0.004 -12"><span class='ocrx_word' id='word_1_249' title='bbox 280 3098 317 3137; x_wconf 78' lang='lat'><strong>1.</strong></span> <span class='ocrx_word' id='word_1_250' title='bbox 344 3065 515 3148; x_wconf 56' lang='lat' dir='ltr'><strong>coquunt</strong></span> <span class='ocrx_word' id='word_1_251' title='bbox 537 3094 587 3136; x_wconf 81' lang='lat' dir='ltr'><strong>V.</strong></span> <span class='ocrx_word' id='word_1_252' title='bbox 616 3116 665 3126; x_wconf 95' lang='lat'><strong>—</strong></span> <span class='ocrx_word' id='word_1_253' title='bbox 700 3094 891 3144; x_wconf 66' lang='lat' dir='ltr'><strong>naim]</strong></span> <span class='ocrx_word' id='word_1_254' title='bbox 918 3095 1003 3146; x_wconf 65' lang='grc' dir='ltr'><strong>δρα.</strong></span> <span class='ocrx_word' id='word_1_255' title='bbox 1030 3093 1079 3135; x_wconf 84' lang='lat' dir='ltr'><strong>V.</strong></span> <span class='ocrx_word' id='word_1_256' title='bbox 1107 3099 1154 3132; x_wconf 85' lang='lat' dir='ltr'><strong>ut</strong></span> <span class='ocrx_word' id='word_1_257' title='bbox 1176 3099 1243 3134; x_wconf 76' lang='lat' dir='ltr'><strong>ost</strong></span> <span class='ocrx_word' id='word_1_258' title='bbox 1266 3103 1428 3143; x_wconf 80' lang='lat' dir='ltr'><strong>semper</strong></span> <span class='ocrx_word' id='word_1_259' title='bbox 1451 3094 1494 3132; x_wconf 86' lang='lat' dir='ltr'><strong>in</strong></span> <span class='ocrx_word' id='word_1_260' title='bbox 1517 3091 1728 3141; x_wconf 67' lang='lat' dir='ltr'><strong>laren-ipit.</strong></span> <span class='ocrx_word' id='word_1_261' title='bbox 1753 3090 1932 3130; x_wconf 68' lang='lat' dir='ltr'><strong>vinicus</strong></span> 
     </span>
     <span class='ocr_line' id='line_1_34' title="bbox 180 3157 1936 3212; baseline -0.007 -6"><span class='ocrx_word' id='word_1_262' title='bbox 180 3168 233 3208; x_wconf 70' lang='lat' dir='ltr'><strong>G.</strong></span> <span class='ocrx_word' id='word_1_263' title='bbox 261 3165 313 3205; x_wconf 77' lang='lat' dir='ltr'><strong>K.</strong></span> <span class='ocrx_word' id='word_1_264' title='bbox 341 3186 391 3196; x_wconf 92' lang='lat'>-</span> <span class='ocrx_word' id='word_1_265' title='bbox 438 3165 477 3204; x_wconf 64' lang='grc' dir='ltr'><strong>ί.</strong></span> <span class='ocrx_word' id='word_1_266' title='bbox 516 3163 627 3202; x_wconf 74' lang='lat' dir='ltr'><strong>Nm</strong></span> <span class='ocrx_word' id='word_1_267' title='bbox 652 3168 691 3201; x_wconf 73' lang='lat' dir='ltr'><strong>ee</strong></span> <span class='ocrx_word' id='word_1_268' title='bbox 714 3174 763 3202; x_wconf 66' lang='lat' dir='ltr'><strong>ec</strong></span> <span class='ocrx_word' id='word_1_269' title='bbox 787 3162 837 3202; x_wconf 80' lang='lat' dir='ltr'><strong>V.</strong></span> <span class='ocrx_word' id='word_1_270' title='bbox 869 3183 917 3194; x_wconf 90' lang='lat'>—</span> <span class='ocrx_word' id='word_1_271' title='bbox 964 3162 1003 3201; x_wconf 70' lang='grc' dir='ltr'><strong>ὕ.</strong></span> <span class='ocrx_word' id='word_1_272' title='bbox 1046 3161 1280 3202; x_wconf 63' lang='lat' dir='ltr'><strong>divmarum</strong></span> <span class='ocrx_word' id='word_1_273' title='bbox 1303 3159 1446 3212; x_wconf 70' lang='lat' dir='ltr'><strong>[ecoe]</strong></span> <span class='ocrx_word' id='word_1_274' title='bbox 1471 3160 1525 3200; x_wconf 70' lang='lat' dir='ltr'><strong>G.</strong></span> <span class='ocrx_word' id='word_1_275' title='bbox 1552 3179 1602 3190; x_wconf 94' lang='lat'><em>-</em></span> <span class='ocrx_word' id='word_1_276' title='bbox 1653 3160 1716 3199; x_wconf 78' lang='lat'><strong>18.</strong></span> <span class='ocrx_word' id='word_1_277' title='bbox 1751 3157 1936 3197; x_wconf 63' lang='lat' dir='ltr'><strong>habetote</strong></span> 
     </span>
     <span class='ocr_line' id='line_1_35' title="bbox 182 3225 1934 3280; baseline -0.005 -8"><span class='ocrx_word' id='word_1_278' title='bbox 182 3235 309 3275; x_wconf 53' lang='grc' dir='ltr'><strong>ἱ-</strong></span> <span class='ocrx_word' id='word_1_279' title='bbox 358 3232 427 3274; x_wconf 68' lang='grc'><strong>10.</strong></span> <span class='ocrx_word' id='word_1_280' title='bbox 456 3230 763 3280; x_wconf 66' lang='lat' dir='ltr'>012.de</span> <span class='ocrx_word' id='word_1_281' title='bbox 792 3251 839 3262; x_wconf 90' lang='lat'>-</span> <span class='ocrx_word' id='word_1_282' title='bbox 886 3230 951 3270; x_wconf 65' lang='lat' dir='ltr'><strong>u.</strong></span> <span class='ocrx_word' id='word_1_283' title='bbox 981 3229 1253 3269; x_wconf 67' lang='lat' dir='ltr'><strong>utmuss.</strong></span> <span class='ocrx_word' id='word_1_284' title='bbox 1283 3251 1330 3261; x_wconf 97' lang='lat'>—</span> <span class='ocrx_word' id='word_1_285' title='bbox 1377 3227 1443 3268; x_wconf 67' lang='lat' dir='ltr'><strong>w.</strong></span> <span class='ocrx_word' id='word_1_286' title='bbox 1473 3225 1934 3276; x_wconf 43' lang='lat' dir='ltr'><strong>moliamini&amp;-</strong></span> 
     </span>
     <span class='ocr_line' id='line_1_36' title="bbox 183 3297 1554 3343; baseline -0.008 0"><span class='ocrx_word' id='word_1_287' title='bbox 183 3303 247 3343; x_wconf 72' lang='lat'><strong>¹⁸.</strong></span> <span class='ocrx_word' id='word_1_288' title='bbox 274 3313 339 3341; x_wconf 67' lang='lat' dir='ltr'><strong>no</strong></span> <span class='ocrx_word' id='word_1_289' title='bbox 365 3300 416 3340; x_wconf 78' lang='lat' dir='ltr'><strong>V.</strong></span> <span class='ocrx_word' id='word_1_290' title='bbox 1543 3297 1554 3304; x_wconf 86' lang='lat'>&#39;</span> 
     </span>
    </p>
   </div>
   <div class='ocr_carea' id='block_1_7' title="bbox 1558 3409 1591 3452">
    <p class='ocr_par' dir='ltr' id='par_1_7' title="bbox 1558 3409 1591 3452">
     <span class='ocr_line' id='line_1_37' title="bbox 1558 3409 1591 3452; baseline 0 0"><span class='ocrx_word' id='word_1_291' title='bbox 1558 3409 1591 3452; x_wconf 90' lang='grc'><strong>9</strong></span> 
     </span>
    </p>
   </div>
  </div>
 </body>
</html>
