2525 3925
320 947 742 1029 ORATIO
795 948 1173 1027 LEPIDI
1226 946 1758 1027 CONSULIS

983 1128 1102 1176 AD

638 1277 999 1339 POPULUM
1023 1276 1447 1337 ‘ROMANUM

274 1627 579 1679 Clementia
613 1631 671 1679 et
706 1629 951 1691 probitas
986 1631 1206 1694 vestra,
1255 1623 1534 1693 Quirites,
1580 1629 1771 1690 quibus
1814 1641 1913 1689 per

163 1720 386 1769 ceteras
416 1719 602 1780 gentis
634 1718 869 1767 maxumi
902 1720 959 1765 et
994 1715 1132 1766 clari
1168 1718 1320 1782 estiS‚
1355 1714 1659 1777 plurumum
1697 1718 1911 1765 timoris

162 1804 297 1855 mihi
331 1806 543 1855 faciunt
578 1806 868 1855 advorsum
905 1803 1249 1865 tyrannidem
1285 1805 1348 1853 [A.
1383 1803 1573 1853 Sullae
1585 1818 1604 1866 3
1648 1816 1742 1866 ne‚·
1772 1814 1910 1865 quae

160 1894 270 1954 ipsi
320 1893 561 1943 nefanda
606 1893 952 1957 aestuamus,
1006 1904 1073 1942 ea
1123 1904 1314 1953 parum
1360 1890 1630 1942 eredendo
1671 1894 1738 1941 de
1770 1890 1910 1942 [aliis

163 1981 670 2031 circumveniamini
703 1994 809 2029 ——z
861 1982 1183 2041 praesertim
1222 1992 1383 2044 quom
1428 1979 1515 2030 illi
1561 1992 1688 2042 spes
1734 1981 1950 2033 omnis5

160 2070 222 2116 in
256 2069 471 2118 scelere
506 2071 669 2130 atque
706 2067 931 2129 perfidia
969 2069 1044 2118 sit
1092 2081 1268 2130 neque
1305 2079 1366 2117 se
1398 2068 1564 2118 aliter
1597 2072 1767 2119 tutum
1805 2080 1909 2130 pu-

162 2157 263 2221 tet,
303 2168 461 2217 quam
500 2157 549 2205 si
584 2157 742 2217 peior
774 2157 937 2217 atque
969 2155 1342 2207 intestabilior
1377 2161 1520 2206 metu
1558 2160 1748 2207 vestro
1784 2157 1909 2206 fue-

160 2244 259 2308 rit,
294 2254 401 2304 quo
438 2245 611 2304 captis
647 2243 920 2293 libertatis
955 2256 1141 2294 curam
1174 2245 1401 2295 miseria
1431 2247 1632 2295 eximat
1664 2257 1768 2292 -ε
1814 2248 1910 2293 aut

161 2333 211 2378 si
251 2331 635 2397 provideritis,
679 2331 738 2379 in
776 2333 1015 2380 vitandis
1050 2333 1313 2394 periculis
1350 2335 1524 2396 magis
1562 2345 1722 2395 quam
1760 2331 1905 2381 ulei-

165 2416 371 2467 seendo
407 2419 713 2467 teneamini.
788 2419 1073 2468 satellites
1097 2421 1311 2481 quidem
1335 2421 1470 2482 eius,
1507 2422 1754 2468 homines
1788 2429 1904 2468 ma·
1923 2424 1991 2473 10

164 2507 313 2553 xumi
347 2504 593 2568 nominis,
626 2508 865 2568 optumis
901 2507 1162 2555 maiorum
1199 2506 1487 2570 exemplis,
1523 2517 1737 2568 nequeo
1771 2506 1908 2555 satis

165 2592 394 2653 mirari,
440 2592 531 2653 qui
567 2591 951 2642 dominationis
989 2595 1046 2641 in
1088 2606 1186 2642 vos
1225 2595 1516 2642 servitium
1565 2606 1719 2642 suum
1763 2605 1908 2641 mer-

163 2680 349 2728 cedem
403 2679 533 2729 dant
580 2683 636 2729 et
685 2661 972 2742 utrumque
1024 2691 1122 2742 per
1173 2682 1430 2730 iniuriam
1489 2679 1701 2730 malunt
1752 2692 1906 2740 quam

163 2767 386 2827 optumo
437 2768 558 2816 iure
604 2767 767 2817 liberi
818 2778 1022 2830 agere3
1076 2766 1368 2829 praeclara
1405 2770 1694 2818 Brutorum
1743 2772 1906 2827 atque

162 2852 521 2902 Aemiliorum
560 2857 618 2902 et
654 2849 1003 2903 Lutatiorum
1045 2855 1254 2918 proleS‚
1308 2856 1484 2918 geniti
1513 2857 1580 2905 ad
1619 2867 1717 2916 ea,
1767 2861 1984 2916 quae15

162 2941 398 2990 maiores
442 2942 649 2990 virtute
698 2952 989 3005 peperere,
1048 2941 1448 2993 subvortundal
1517 2943 1653 2992 Nam
1703 2941 1829 3004 quid
1877 2957 1909 2989 n.

158 3027 379 3088 Pyrrho
429 3028 733 3078 Hannibale
778 3028 1136 3092 Philippoque
1187 3033 1244 3078 et
1297 3031 1567 3080 Antiocho
1620 3030 1901 3080 defensum

159 3118 246 3163 est
282 3113 431 3163 aliud
469 3127 626 3176 quam
660 3115 889 3167 libertas
928 3118 983 3165 et
1016 3128 1149 3166 suae
1197 3117 1390 3179 cuique
1434 3118 1627 3185 sedes,
1673 3129 1779 3168 neu
1818 3121 1909 3168 cui.

255 3300 295 3337 8.
326 3296 486 3346 captis]
511 3297 559 3338 V.
591 3300 761 3348 captivis
787 3301 837 3342 G.
873 3321 922 3330 —
970 3302 1009 3341 9.
1040 3301 1243 3351 vitandis]
1271 3301 1318 3340 V.
1346 3302 1522 3341 mandet
1547 3303 1598 3342 G„
