2525 3925
600 286 890 343 nnumin
924 287 1438 355 insumam
1822 292 1892 344 sv

142 431 413 484 simulare
430 467 449 495 ,
502 431 699 499 cedere
738 436 965 503 instanti
1000 440 1059 488 et
1092 436 1280 501 paullo
1313 438 1466 502 post,
1513 448 1585 491 ne
1625 439 1712 489 sui
1747 437 1890 505 diffi-

146 525 373 585 derent,
408 523 615 571 instare
626 538 649 587 3
684 524 765 575 ita
800 524 930 575 belli
966 527 1148 594 modo,
1179 524 1340 577 modo
1376 526 1530 587 pacis
1565 538 1722 577 mora
1758 539 1890 577 con—

142 611 323 661 sulem
356 609 644 663 ludificari.
690 614 777 663 Ac
800 612 973 681 fuere,
1010 616 1103 677 qui
1136 616 1249 665 tum
1269 612 1522 664 Albinum
1557 615 1698 664 haud
1732 616 1891 679 igna-

143 714 263 751 rum
310 698 508 749 consili
555 701 705 765 regis
752 702 1171 765 existumarent,
1227 714 1400 765 neque
1448 714 1516 751 ex
1564 706 1716 753 tanta
1761 716 1892 775 pro-

144 790 399 850 perantia
459 792 567 839 tam
624 788 792 839 facile
850 793 1083 841 tractum
1144 790 1346 863 bellum
1404 790 1656 841 socordia
1711 790 1931 860 magis5

145 890 305 941 quam
353 875 483 927 dolo
531 878 833 929 crederent.
902 879 1010 929 Sed
1059 883 1343 943 postquam
1391 878 1603 941 dilapso
1651 882 1890 940 temporo

147 967 493 1016 comitiorum
539 966 655 1017 dies
709 966 1073 1031 adventabat,
1124 968 1388 1033 Albinus,
1438 967 1582 1017 Aulo
1625 968 1798 1019 fratre
1831 969 1890 1017 in

148 1056 343 1107 castris
374 1066 479 1118 pro
512 1057 768 1119 praetore
800 1055 1031 1123 relicto,
1066 1057 1294 1107 Romam
1333 1057 1583 1107 decessit.

248 1142 343 1191 37.
414 1142 495 1195 Ea
544 1147 874 1207 tempestate
926 1145 1133 1195 Romae
1182 1146 1539 1205 seditionibus
1584 1144 1888 1211 tribuniciis

150 1231 411 1289 atrociter
442 1243 536 1281 res
573 1231 793 1293 publica
826 1234 1152 1297 agitabatur.
1206 1232 1265 1283 P.
1291 1232 1555 1286 Lucullus
1593 1237 1650 1283 et
1679 1234 1742 1281 L.
1765 1232 1882 1281 An·
1901 1232 1971 1302 10,

146 1319 301 1385 nius,
334 1320 538 1369 tribuni
570 1320 779 1385 plebis,
824 1321 1206 1385 resistentibus
1239 1320 1514 1386 conlegis„
1545 1321 1888 1383 ,continuare

145 1409 523 1479 magistratum
558 1410 901 1477 nitebantur,
943 1422 1079 1473 quae
1116 1412 1383 1464 dissensio
1421 1410 1587 1461 totius
1623 1410 1752 1461 anni
1791 1420 1898 1464 co-.

145 1498 295 1549 mitia
324 1498 670 1571 inpediebat.
738 1497 820 1552 Ea
876 1510 1029 1551 mora
1076 1500 1133 1549 iu
1184 1510 1336 1560 spem
1386 1500 1648 1551 adductus
1698 1495 1890 1563 Aulus,

148 1597 295 1647 quem
331 1596 435 1649 pro
470 1590 727 1652 praetore
774 1586 831 1635 in
874 1588 1070 1639 castris
1122 1586 1378 1638 relictum
1423 1599 1592 1651 supra
1641 1584 1890 1651 diximus,

145 1678 235 1725 aut
264 1674 591 1725 conficiundi
632 1673 763 1725 belli
799 1678 893 1728 aut
932 1678 1147 1727 terrore
1191 1678 1464 1726 exercitus
1513 1678 1581 1727 ab
1617 1686 1750 1735 rege
1783 1684 1883 1735 pe·-
1899 1674 1966 1740 15

148 1765 335 1815 cuniae
380 1762 711 1829 capiundae,
762 1764 967 1813 milites
1011 1776 1197 1814 mense
1231 1764 1487 1814 Ianuario
1535 1776 1604 1811 ex
1649 1761 1890 1812 hibernis

147 1852 199 1901 in
248 1853 655 1921 expeditionem
704 1854 926 1915 evocat,
976 1853 1294 1915 magnisque
1350 1852 1662 1913 itineribus,
1713 1848 1888 1899 hieme
1923 1829 1941 1842 “

147 1952 355 2006 aspera,
392 1941 647 2003 pervenit
684 1938 755 1990 ad
791 1940 1045 2005 oppidum
1084 1938 1300 2008 Suthul,
1339 1940 1430 1990 ubi
1463 1940 1612 2002 regis
1651 1937 1890 1988 thesauri

145 2034 308 2080 erant.
384 2025 542 2093 Quod
577 2040 893 2092 quamquam
931 2033 988 2080 et
1022 2029 1259 2080 saevitia
1296 2029 1556 2090 temporis
1593 2030 1651 2076 et
1686 2038 1887 2092 oppor-

146 2120 374 2168 tunitate
410 2117 523 2168 loci
556 2128 734 2182 neque
770 2118 891 2178 capi
930 2128 1104 2180 neque
1145 2117 1383 2168 obsideri
1423 2120 1669 2182 poterat,
1721 2119 1881 2173 [nam
1897 2116 1965 2168 20

149 2207 347 2258 circum
383 2217 592 2256 murum
625 2206 790 2254 situm
823 2205 883 2254 in
923 2205 1205 2268 praerupti
1240 2207 1439 2256 montis
1487 2208 1728 2254 extremo
1764 2201 1888 2265 pla-

147 2294 297 2346 nities
330 2295 533 2344 limosa
568 2293 886 2344 hiemalibus
922 2295 1075 2356 aquis
1112 2293 1360 2356 paludem
1400 2294 1654 2348 fecerat)
1699 2277 1890 2342 'tamen

145 2385 232 2432 aut
264 2381 559 2434 simulandi
594 2384 793 2446 gratia,
837 2393 943 2454 quo
976 2384 1096 2447 regi
1130 2381 1478 2434 formidinem
1514 2380 1758 2444 adderet,
1795 2382 1894 2447 aut„

146 2472 396 2534 cupidine
444 2482 643 2520 caecus
686 2471 753 2522 ob
803 2469 1089 2532 thesauros
1136 2455 1322 2534 oppidi
1365 2470 1642 2535 potiundi,
1698 2467 1890 2518 vineas

143 2572 333 2629 agere,
372 2571 631 2629 aggerem
661 2560 875 2624 iacere,
908 2558 1153 2624 aliaque,
1210 2569 1349 2620 quae
1385 2559 1604 2618 incepto
1639 2559 1762 2616 usui
1794 2555 1882 2604 fo·
1894 2553 1959 2606 25

139 2652 287 2716 rent,
322 2659 642 2710 properare.

240 2737 336 2787 38.
409 2736 488 2786 At
540 2736 829 2801 Iugurtha,
881 2737 1103 2800 cog‘nita
1143 2715 1398 2798 ‘vanitate
1431 2736 1594 2795 atque
1627 2731 1883 2794 inperitia

140 2823 335 2890 legati,
370 2822 630 2874 subdolus
669 2827 787 2874 eius
816 2835 1021 2885 augere
1044 2825 1351 2886 amentiam,
1385 2822 1658 2872 missitare
1681 2817 1890 2882 suppli-

140 2914 316 2962 cantis
354 2910 591 2974 legatos,
635 2915 755 2974 ipse
792 2913 947 2974 quasi
982 2913 1314 2962 vitabundus
1347 2922 1447 2974 per
1481 2909 1728 2960 saltuosa
1763 2907 1895 2970 loca

236 3158 277 3197 ί.
306 3159 473 3196 minti·
494 3156 635 3196 cedere
659 3156 711 3196 V.
737 3156 790 3198 K.
822 3179 864 3188 --
914 3157 956 3196 8.
985 3153 1210 3206 acdificat]
1234 3159 1402 3194 auctore
1426 3153 1631 3192 Arusiano
1655 3166 1698 3203 p.
1721 3153 1804 3192 2⁴5.
1833 3151 1888 3192 Κ.

136 3223 351 3274 ludificare
375 3223 506 3265 Libui.
536 3225 587 3266 V.
618 3224 670 3266 G.
696 3243 745 3252 —
798 3223 861 3264 10.
902 3223 952 3264 Ρ.
975 3223 1187 3274 buculam]
1223 3221 1272 3261 la.
1301 3221 1480 3260 lucilius
1511 3221 1564 3260 V.
1592 3243 1639 3251 -
1694 3221 1754 3262 u.
1791 3233 1890 3272 pn·

134 3299 363 3342 rmore·
387 3293 436 3333 V.
464 3313 514 3324 —
566 3291 626 3333 1².
650 3289 925 3344 nomastico]
950 3294 1001 3334 G.
1034 3314 1081 3326 —
1129 3293 1193 3333 28.
1219 3289 1383 3334 :abac
1406 3291 1456 3330 V.
