2525 3925
668 330 961 385 BELLUM
995 332 1510 387 IUGURTHINUM.
1821 334 1925 387 181

148 474 449 538 rugientis
504 475 627 537 capi
678 477 774 525 aut
824 476 1033 544 occidi,
1084 477 1464 529 fortissumum
1521 490 1788 542 quemque
1837 485 1926 532 tu-
1995 456 1998 465 Ι

150 563 483 627 tissnmum,
520 564 691 613 armis
726 564 1050 631 libertatem,
1086 568 1318 628 patriam
1348 570 1710 629 parentesque
1735 571 1792 618 et
1813 570 1928 621 alia

152 650 369 699 omnia
416 653 562 714 tegi,
616 651 848 714 gloriam
896 657 1063 715 atque
1102 655 1326 703 divitias
1363 656 1570 717 quaeri.
1640 657 1736 705 Sic
1769 657 1926 706 brevi

151 740 359 799 spatio
381 740 515 787 novi
541 741 861 801 veteresque
886 740 1157 804 coaluere,
1185 743 1243 792 et
1268 744 1442 791 virtus
1467 743 1700 791 omnium
1721 753 1926 806 aequa-

156 825 249 874 lis
284 826 457 875 faeta.
510 826 587 873 At
614 838 808 892 reges,
844 828 934 883 ubi
972 830 1039 877 de
1078 830 1316 879 adventu
1347 830 1491 879 Mari
1525 829 1966 895 cognoverunt,5

157 914 387 963 divorsi
416 914 476 962 in
510 913 667 963 locos
702 914 941 964 difficilis
976 916 1189 965 abeunt.
1244 918 1328 966 Ita
1367 915 1664 979 Iugurthae
1697 916 1926 979 placue-

158 1002 264 1049 rat
296 1004 547 1062 speranti
580 1014 707 1051 mox
741 1002 1143 1053 effusos-hostis
1174 1004 1362 1053 invadi
1401 1017 1595 1068 posse,
1648 1006 1926 1056 Romanos

159 1090 340 1137 sicuti
375 1088 669 1151 plerosque
692 1093 902 1140 remoto
926 1095 1075 1141 metu
1102 1090 1284 1141 laxius
1308 1091 1674 1154 licentiusque
1694 1094 1925 1143 futuros.

276 1178 375 1225 88.
427 1176 687 1225 Metellus
722 1178 935 1226 interea
966 1178 1191 1227 Romam
1227 1180 1510 1239 profectus
1548 1183 1740 1230 contra
1773 1192 1926 1242 spem

169 1274 343 1315 suam
382 1262 713 1314 laetissumis
761 1265 955 1315 animis
1002 1266 1302 1331 excipitur,
1351 1267 1499 1328 plebi
1553 1248 1923 1335 patribusque,
1937 1268 2004 1319 10

170 1355 473 1413 postquam
509 1353 717 1401 invidia
750 1352 1089 1418 decesserat,
1138 1355 1292 1404 iuxta
1325 1367 1504 1408 carus.
1575 1356 1684 1407 Sed
1719 1358 1928 1405 Marius

167 1441 395 1504 inpigre
433 1439 837 1503 prudenterque
872 1452 1091 1491 suorum
1125 1444 1182 1492 et
1213 1442 1446 1493 hostium
1483 1454 1573 1493 res
1595 1444 1804 1507 pariter
1825 1443 1928 1493 ad-

167 1528 417 1591 tendere,
452 1539 789 1591 cognoscere
814 1530 942 1590 quid
972 1530 1097 1579 boni
1130 1530 1378 1592 utrisque
1412 1532 1510 1581 aut
1545 1535 1737 1581 contra
1759 1533 1926 1594 esset,

168 1614 467 1676 explorare
516 1616 717 1666 itinera
772 1628 961 1679 regum
980 1650 997 1682 ,
1054 1617 1288 1667 consilia
1337 1619 1394 1667 et
1447 1618 1676 1667 insidias
1731 1629 1925 1667 eorum

168 1704 527 1767 antevenire,
584 1702 719 1753 nihil
766 1706 906 1765 apud
952 1716 1015 1753 se
1062 1703 1350 1753 remissum
1395 1716 1574 1767 neque
1611 1706 1754 1765 apud
1787 1704 1918 1755 illos
1935 1706 1998 1757 15

168 1794 347 1842 tutum
382 1794 516 1852 pati.
587 1792 781 1853 Itaque
818 1794 875 1841 et
910 1791 1173 1841 Gaetulos
1210 1795 1268 1841 et
1303 1793 1616 1855 Iugurtham
1651 1804 1721 1841 ex
1755 1792 1924 1841 sociis

167 1882 377 1931 nostris
403 1880 635 1942 praedas
658 1880 875 1942 agentis
890 1890 1058 1941 saepe
1082 1880 1372 1942 adgressus
1397 1880 1454 1929 in
1475 1880 1672 1928 itinere
1690 1878 1924 1943 fuderat,

172 1972 461 2034 ipsumque
519 1979 705 2031 regem
759 1966 900 2016 haud
946 1966 1143 2029 procul
1187 1968 1254 2016 ab
1307 1966 1507 2028 oppido
1555 1963 1710 2019 Cirta
1759 1965 1924 2016 armis

170 2052 417 2108 exuerat.
490 2051 641 2118 Quae
699 2058 986 2117 postquam
1038 2055 1286 2117 gloriosa
1339 2055 1502 2103 modo
1555 2065 1734 2115 neque
1791 2052 1924 2104 belli

169 2147 434 2208 patrandi
481 2148 768 2213 cognovit,
815 2146 1007 2196 statuit
1056 2145 1233 2213 urbis,
1288 2157 1430 2209 quae
1477 2145 1617 2194 viris
1663 2146 1758 2194 aut
1792 2141 2002 2195 100020

167 2247 271 2298 pro
323 2234 573 2286 hostibus
622 2237 679 2284 et
728 2235 1021 2284 advorsum
1072 2245 1133 2284 se
1184 2234 1690 2297 opportunissumae
1747 2233 1924 2294 erant,

167 2323 421 2386 singulas
476 2322 912 2386 circumvenire3
942 2323 1051 2372 »ita
1102 2323 1424 2385 Iugurtham
1483 2322 1579 2370 aut
1633 2319 1926 2381 praesidiis

173 2411 455 2476 nudatum,
490 2411 539 2458 si
574 2421 642 2458 ea
673 2411 971 2474 pateretur,
1006 2412 1102 2458 aut
1136 2406 1352 2470 proelio
1387 2409 1732 2458 certaturum.
1785 2405 1926 2454 Nam

174 2499 421 2548 Bocchus
470 2498 687 2546 nuntios
733 2499 803 2546 ad
846 2507 967 2546 eum
1014 2507 1182 2557 saepe
1229 2495 1486 2558 miserat,
1538 2493 1690 2544 velle
1735 2493 1926 2555 populi

168 2587 406 2636 Romani
440 2585 731 2636 amicitiam
744 2600 765 2649 3
811 2595 883 2632 ne
914 2583 1040 2645 quid
1089 2585 1158 2633 ab
1199 2594 1262 2632 se
1315 2580 1512 2632 hostile
1557 2581 1787 2630 timeret.
1859 2578 1998 2630 1d25

174 2673 627 2737 simulaveritne,
685 2685 790 2734 quo
842 2671 1158 2733 inprovisus
1210 2670 1439 2732 gravior
1492 2667 1802 2731 accideret,
1853 2678 1924 2714 an

174 2760 479 2812 mobilitate
526 2760 717 2823 ingeni
752 2771 943 2822 pacem
992 2761 1153 2819 atque
1198 2756 1404 2807 bellum
1454 2756 1664 2804 mutare
1711 2751 1926 2816 solitus,

174 2862 366 2912 parum
405 2847 749 2909 exploratum
782 2850 884 2896 est.

278 2937 374 2985 89.
424 2936 537 2984 Sed
584 2933 808 2999 consul,
859 2933 941 2982 uti
982 2935 1282 2996 statuerat,
1329 2930 1532 2994 oppida
1582 2925 1924 2990 castellaque

174 3025 387 3074 munita
419 3023 603 3088 adire,
639 3023 835 3083 partim
872 3022 959 3082 vi,
996 3019 1109 3070 alia
1140 3022 1288 3070 metu
1323 3021 1418 3068 aut
1452 3016 1700 3079 praemia
1734 3017 1920 3065 osten·
1933 3011 2000 3063 30

175 3111 341 3162 tando
390 3112 649 3160 avortere
694 3109 761 3160 ab
809 3107 1072 3160 hostibus.
1141 3108 1227 3157 Ac
1278 3107 1455 3169 primo
1495 3104 1790 3154 mediocria
1821 3115 1926 3166 ge-

246 3238 307 3276 1⁷.
332 3237 531 3285 praedam
556 3236 607 3276 K.
639 3257 684 3267 —
719 3235 784 3276 20.
810 3235 1005 3284 patrandi
1028 3235 1182 3284 copiam
1206 3234 1386 3282 cognovit
1403 3231 1524 3272 [eid.
1551 3231 1602 3270 V.
1632 3250 1679 3261 -
1714 3227 1778 3268 ²⁶.
1805 3237 1924 3265 acce-

174 3306 286 3344 dorae
314 3306 365 3344 V.
