2525 3925
838 318 1245 371 EPtsTOLAE.
1813 317 1920 368 185

174 473 237 518 et
274 479 439 530 quam
477 465 636 514 multi
670 465 937 514 mortales
978 470 1167 526 postea
1197 465 1265 515 ad
1303 466 1611 526 Pompeium
1647 466 1920 515 discesse-

173 559 323 606 rint:
372 567 542 617 eoque
589 567 690 616 per
736 564 897 601 omne
934 557 1143 616 tempus
1181 553 1314 604 belli
1350 555 1506 616 quasi
1540 565 1700 602 sacro
1755 560 1920 614 atque

171 644 476 706 inspoliato
510 642 640 691 fano
673 643 946 692 debitores
988 644 1087 690 usi.

285 734 463 797 Igitur
498 732 749 793 quoniam
783 730 880 778 tibi
913 730 1113 778 victori
1147 731 1214 778 de
1251 728 1396 779 bello
1433 733 1598 791 atque
1629 740 1767 790 pace
1799 729 1920 792 agi-

172 821 403 872 tandum
425 823 542 880 est,
584 820 689 867 hoc
728 819 806 867 uti
844 816 1085 867 civiliter
1117 818 1374 879 deponas,
1410 816 1512 867 illa
1541 829 1700 879 quam
1730 811 1963 866 iustis-5

174 921 338 959 suma
374 911 431 957 ct
467 907 721 956 diuturna
751 907 855 954 sit:
896 906 963 954 de
998 910 1054 955 te
1087 907 1209 967 ipso
1241 908 1502 972 primum,
1537 906 1627 966 qui
1663 917 1731 954 ea
1768 916 1921 954 com-

175 999 460 1059 positurus
496 1007 572 1061 es,
612 993 740 1056 quid
776 998 1050 1054 optumum
1088 994 1237 1041 factu
1271 994 1359 1054 sit,
1402 994 1684 1042 existuma.
1754 993 1926 1053 Equi-

179 1087 308 1134 dem
354 1096 458 1147 ego
512 1087 711 1133 cuncta
755 1082 985 1142 imperia
1025 1081 1268 1130 crudelia
1309 1081 1487 1144 magis
1526 1080 1724 1129 acerba
1762 1091 1923 1141 quam

176 1173 441 1221 diuturna
475 1171 742 1233 arbitror3
784 1182 964 1232 neque
1000 1181 1318 1231 quemquam
1354 1168 1544 1217 multis
1580 1169 1922 1217 metuendum

178 1271 332 1325 esse,
376 1259 500 1320 quin
533 1258 601 1307 ad
637 1270 756 1307 eum
795 1269 862 1308 ex
900 1257 1087 1306 multis
1118 1259 1355 1306 formido
1388 1256 1626 1306 recidatx
1672 1267 1795 1306 eam
1827 1254 1998 1305 vi-10

182 1352 303 1398 tam
337 1346 537 1396 bellum
573 1350 855 1396 aeternum
893 1349 948 1395 et
980 1357 1181 1408 anceps
1209 1357 1436 1409 gerere:
1474 1346 1723 1407 quoniam
1746 1357 1923 1406 neque

176 1437 455 1486 advorsus
480 1446 655 1496 neque
684 1435 751 1484 ab
789 1437 945 1497 tergo
978 1438 1072 1484 aut
1101 1433 1365 1484 lateribus
1403 1435 1549 1483 tutus
1579 1435 1674 1498 sis,
1709 1445 1924 1496 semper

176 1526 238 1573 in
282 1523 526 1584 periculo
562 1526 658 1571 aut
688 1524 834 1571 metu
868 1524 1063 1584 agites,
1135 1519 1338 1572 Contra
1373 1524 1463 1584 qui
1495 1522 1833 1586 benignitate
1868 1525 1925 1572 et

181 1611 479 1661 clementia
511 1612 795 1672 imperium
831 1613 1242 1674 temperavere,
1291 1611 1361 1659 iis
1405 1608 1557 1660 laeta
1591 1612 1647 1659 et
1683 1609 1914 1660 candida

178 1701 366 1750 omnia
398 1701 549 1766 visa,
597 1701 761 1748 etiam
800 1697 985 1748 hostes
1023 1699 1341 1761 aequiores,
1391 1710 1549 1760 quam
1582 1698 1709 1749 aliis
1747 1700 1998 1753 cives.15

178 1789 342 1838 Haud
359 1789 496 1853 scio,
527 1799 598 1838 an
619 1787 712 1849 qui
732 1798 819 1835 me
836 1785 920 1834 bis
940 1785 1101 1836 dictis
1120 1787 1492 1848 corruptorem
1511 1787 1779 1837 victoriae
1798 1788 1926 1834 tuae

185 1877 454 1938 nimisque
488 1877 544 1924 in
586 1877 767 1924 victos
803 1874 943 1924 bona
977 1872 1262 1923 voluntate
1297 1873 1627 1935 praedicent.
1699 1873 1928 1924 Scilicet

183 1968 328 2028 quod
369 1977 465 2031 ea,
515 1976 655 2026 quae
691 1964 932 2013 externis
972 1963 1297 2026 nationibuS,
1338 1956 1534 2013 natura
1563 1964 1720 2014 nobis
1753 1963 1927 2013 hosti-

179 2056 313 2119 bus,
357 2064 568 2116 nosque
602 2054 941 2114 maioresque
970 2053 1146 2102 nostri
1175 2064 1341 2114 saepe
1378 2052 1648 2119 tribuere,
1683 2063 1752 2102 ea
1784 2052 1928 2102 civi-

184 2143 286 2191 bus
320 2140 497 2191 danda
531 2142 799 2206 arbitror,
844 2152 1023 2203 neque
1070 2141 1304 2191 barbaro
1352 2142 1462 2190 ritu
1498 2142 1665 2191 caede
1702 2138 2001 2193 caedem20

179 2233 240 2280 et
276 2230 596 2293 sanguinem
628 2229 893 2293 sanguine
934 2230 1218 2292 expianda.
1290 2231 1376 2278 An
1410 2229 1528 2293 illa,
1564 2241 1702 2292 quae
1738 2228 1925 2291 paullo

184 2319 313 2367 ante
346 2320 450 2367 hoc
485 2315 688 2367 bellum
726 2319 784 2365 in
823 2314 919 2366 Cn.
950 2317 1262 2379 Pompeium
1297 2318 1698 2380 victoriamque
1737 2316 1927 2368 Sulla-

183 2415 312 2453 nam
342 2404 783 2466 increpabantur,
818 2404 1022 2455 oblivio
1056 2396 1394 2466 intercepit?
1445 2406 1755 2471 Domitium,
1790 2401 1928 2454 Car-

188 2493 404 2554 bonem,
443 2490 679 2557 Brutum,
711 2491 852 2541 alios
886 2493 1021 2541 item
1044 2502 1153 2541 non
1188 2495 1445 2555 armatoS,
1477 2502 1656 2553 neque
1678 2492 1736 2541 in
1758 2504 1927 2553 proe-

184 2579 266 2630 lio
301 2578 435 2629 bem
470 2581 608 2646 iure,
640 2579 736 2628 sed
772 2580 962 2640 postea
996 2577 1270 2641 supplices
1303 2590 1402 2642 per
1431 2589 1707 2629 summum
1740 2574 1999 2629 seclusa

182 2666 538 2732 interfectos,
590 2666 805 2728 plebem
837 2666 1137 2717 Romanam
1181 2668 1241 2717 in
1276 2665 1416 2717 villa
1448 2667 1668 2731 publica
1709 2667 1928 2729 pecoris

186 2755 350 2806 modo
387 2757 731 2807 conscissam.
800 2754 951 2806 Eheu
990 2766 1150 2819 quam
1194 2753 1299 2808 illa
1339 2755 1561 2807 occulta
1595 2755 1801 2807 civium
1835 2754 1926 2806 fu-

281 2957 320 2996 5.
348 2956 422 2995 illa
447 2955 587 3008 quam]
612 2957 664 2997 V.
701 2957 775 2995 faa
798 2961 845 2995 ut
868 2969 987 3007 quum
1011 2969 1063 2996 ex
1088 2956 1370 3009 supplemento
1397 2958 1447 2998 G.
1477 2980 1523 2989 —
1573 2958 1612 2997 7.
1642 2957 1741 3008 quid
1763 2978 1784 2988 -
1806 2978 1826 2988 -
1850 2958 1925 3009 eie]

190 3024 239 3063 V.
264 3024 371 3076 qnod
393 3044 415 3053 -
439 3043 461 3054 -
486 3030 545 3063 ue
574 3025 625 3066 G.
668 3046 716 3055 —
767 3025 829 3065 1⁰.
856 3024 1036 3065 reccidat
1060 3026 1109 3063 V.
1134 3044 1184 3053 —
1235 3026 1296 3064 u.
1324 3023 1399 3075 iic]
1425 3026 1474 3066 V.
1503 3026 1567 3065 lu'ae
1592 3027 1640 3066 G.
1668 3047 1715 3058 -
1765 3026 1824 3066 ¹5.
1853 3026 1925 3065 ho-

187 3096 266 3132 eece
289 3093 498 3141 nequiore·
522 3103 640 3142 quam
664 3092 741 3131 alin·
764 3094 871 3132 ecoe·
894 3095 945 3136 V.
974 3113 1025 3123 -
1074 3093 1136 3133 16.
1164 3093 1290 3133 Haud
1313 3096 1395 3133 ecio
1421 3105 1473 3132 aa
1497 3093 1588 3146 qm']
1612 3094 1662 3135 V.
1682 3095 1732 3135 G.
1768 3092 1834 3135 An
1858 3097 1928 3145 qui

188 3160 367 3199 conius.
394 3180 442 3190 -
491 3161 553 3200 18.
582 3161 807 3201 nationibus
829 3167 991 3209 namn,
1020 3160 1174 3213 [nobit]
1200 3161 1376 3200 noceam
1400 3163 1448 3202 G.
1474 3183 1524 3193 —
1547 3162 1612 3203 2⁰.
1654 3161 1844 3213 barbaro]
1870 3162 1921 3201 V.

186 3225 392 3266 bubo-ico
419 3228 470 3267 Β.
501 3248 546 3259 -
590 3230 656 3271 n.
684 3228 914 3281 merome]
939 3230 1106 3281 Papus.
1136 3231 1189 3272 G.
1228 3228 1432 3280 mafece'e
1454 3231 1502 3270 V.
1529 3253 1577 3262 —
1617 3231 1680 3272 v.
1708 3228 1844 3282 neu]
1869 3228 1921 3269 V.

186 3294 277 3334 11ae
301 3295 351 3335 G.
