2525 3925
612 327 713 378 116
1148 326 1209 378 G.
1243 327 1546 379 SALUS'n
1582 323 1810 377 ciuem

617 474 759 525 civ-is
806 476 976 525 hostis
1029 475 1186 525 iuxta
1236 478 1510 542 metuere,
1564 474 2022 537 circumspectare
2080 471 2262 523 omnia
2309 477 2366 522 et

618 568 764 615 omni
807 565 1042 626 strepitu
1089 565 1419 630 pavescere,
1467 562 1580 613 alio
1627 566 1790 626 atque
1843 562 1956 612 alio
2009 560 2138 612 loco
2191 573 2366 624 saepe

619 658 815 704 contra
848 653 1018 703 decus
1047 653 1260 717 regium
1293 653 1460 702 noetu
1487 653 1852 715 requiescere,
1884 650 2154 701 interdum
2174 661 2366 700 somno

618 744 836 793 excitus
865 742 1101 803 arreptis
1135 741 1304 791 armis
1344 739 1639 791 tumultum
1687 742 1905 802 facere3
1957 740 2038 789 ita
2073 739 2368 790 formidine

574 840 605 890 5
622 831 774 894 quasi
809 828 1070 881 vecordia
1104 830 1394 894 exagitari.

724 920 816 968 78.
867 920 1047 982 Igitur
1080 918 1365 983 Metellus,
1410 920 1503 968 ubi
1541 917 1610 967 de
1644 929 1774 969 casu
1809 916 2139 967 Bomilcaris
2176 921 2236 966 et
2276 918 2370 966 in-

620 1009 765 1075 dicio
801 1008 1080 1071 patefacto
1117 1019 1186 1056 ex
1219 1008 1466 1072 perfugis
1513 1008 1806 1073 cognovit,
1860 1018 2049 1057 rursus
2099 1010 2370 1068 tamquam

620 1098 688 1147 ad
722 1099 992 1161 integrum
1030 1096 1230 1149 bellum
1269 1101 1470 1147 cuncta
1502 1100 1661 1158 parat
1694 1097 2046 1157 festinatque.
2114 1095 2372 1159 Marium,

621 1186 941 1250 fatigantem
974 1185 1041 1235 de
1073 1185 1432 1253 profectione,
1467 1184 1631 1234 simul
1669 1186 1724 1233 et
1753 1184 1986 1233 invitum
2019 1186 2076 1233 et
2106 1181 2370 1232 offensum

546 1281 613 1337 10
626 1274 731 1324 sibi
764 1285 952 1337 parum
987 1276 1237 1324 idoneum
1269 1278 1452 1335 ratus,
1507 1272 1715 1323 domum
1755 1274 1989 1322 dimittit.
2059 1271 2131 1321 Et
2164 1272 2373 1320 Romae

618 1361 825 1427 plebes,
860 1362 1080 1429 litteris,
1114 1374 1253 1425 quae
1286 1362 1353 1412 de
1390 1361 1618 1412 Metello
1653 1373 1721 1411 ac
1742 1364 1919 1411 Mario
1954 1363 2156 1411 missae
2195 1364 2374 1423 erant,

620 1452 894 1517 cognitis,
942 1450 1154 1501 volenti
1199 1452 1380 1501 animo
1431 1451 1497 1499 de
1544 1450 1804 1500 ambobus
1841 1452 2185 1510 acceperant.
2258 1451 2371 1497 Im-

622 1541 867 1600 peratori
902 1539 1187 1605 nobilitas,
1224 1551 1364 1602 quae
1398 1541 1561 1589 antea
1595 1539 1811 1604 decori,
1843 1538 2083 1587 invidiae
2118 1549 2246 1586 esse
2257 1552 2277 1599 3
2317 1540 2374 1585 at

623 1628 712 1677 illi
749 1628 914 1678 alteri
947 1631 1166 1692 generis
1200 1626 1480 1677 humilitas
1504 1628 1752 1678 favorem
1778 1626 2090 1688 addiderat3
2129 1628 2372 1674 ceterum

551 1718 685 1778 15in
722 1720 951 1778 utroque
984 1718 1159 1781 magis
1200 1716 1381 1766 studia
1414 1717 1653 1779 parti-um
1694 1727 1852 1778 quam
1899 1716 2040 1764 bona
2081 1713 2371 1763 aut‘mala

622 1818 722 1858 sua
758 1808 1053 1857 moderata.
1123 1806 1422 1856 Praeterea
1466 1806 1716 1855 seditiosi
1756 1804 2107 1866 magistratus
2145 1800 2372 1866 volgum

624 1896 939 1960 exagitare,
994 1894 1278 1946 Metellum
1330 1895 1576 1944 omnihus
1632 1892 1972 1942 contionibus
2027 1892 2228 1951 capitis
2283 1904 2375 1939 ar-

625 1995 879 2050 cessere,
929 1985 1075 2034 Mari
1114 1985 1375 2034 virtutem
1423 1985 1482 2032 in
1529 1983 1702 2032 maius
1753 1979 2052 2031 celebrare.
2123 1980 2373 2042 Denique

625 2070 816 2133 plebes
851 2073 933 2121 sic
963 2083 1219 2136 accensa,
1248 2073 1334 2120 uti
1369 2069 1591 2132 opifices
1612 2074 1966 2134 agrestesque
1986 2080 2203 2134 omnes,
2242 2080 2379 2130 quo-

549 2166 617 2219 20
631 2171 750 2210 rum
771 2169 864 2209 res
893 2158 1136 2222 fidesque
1160 2160 1217 2207 in
1242 2160 1493 2210 manibus
1513 2160 1654 2208 sitae
1676 2161 1850 2216 erant.
1882 2157 2095 2208 relictis
2120 2158 2379 2219 operibus

627 2249 1043 2309 frequentarent
1077 2249 1308 2298 Marium
1344 2252 1402 2297 et
1435 2258 1537 2297 sua
1569 2248 1883 2297 necessaria
1921 2249 2046 2307 post
2081 2245 2238 2294 illius
2280 2247 2379 2295 ho-

626 2347 813 2387 norem
866 2336 1143 2386 ducerent.
1214 2337 1300 2385 Ita
1345 2334 1601 2398 permulsa
1655 2334 1944 2385 nobilitate
1991 2337 2118 2395 post
2169 2333 2380 2382 multas

628 2426 983 2486 tempestates
1011 2436 1163 2474 novo
1187 2425 1389 2474 homini
1417 2423 1736 2474 consulatus
1763 2427 2068 2486 mandatur,
2110 2427 2169 2474 et
2189 2428 2384 2485 postea

627 2514 860 2576 populus
897 2526 933 2562 a
966 2513 1181 2563 tribuno
1217 2511 1393 2574 plebis
1416 2512 1624 2562 Manlio
1646 2513 1902 2561 Mancino
1939 2513 2187 2578 rogatus,
2226 2523 2386 2575 quem

553 2610 619 2673 25
636 2601 807 2651 vellet
842 2613 961 2650 cum
998 2601 1259 2664 Iugurtha
1309 2601 1515 2651 bellum
1564 2611 1786 2664 gerere,
1841 2600 2100 2662 frequens
2135 2601 2382 2650 Marium

628 2691 801 2740 iussit.
864 2690 970 2739 Sed
1011 2691 1236 2739 senatus
1269 2687 1456 2751 paullo
1490 2693 1618 2738 ante
1654 2687 1879 2739 Metello
1915 2689 2247 2739 decreverat
2264 2704 2285 2752 3
2320 2701 2387 2738 ea

630 2791 722 2829 res
758 2778 962 2825 frustra
997 2777 1115 2826 fuit.

738 2869 826 2913 Η,
866 2868 1065 2914 Eodem
1101 2867 1343 2926 tempore
1374 2864 1637 2929 Iugurtha
1665 2867 1879 2916 amissis
1902 2867 2111 2931 amicis,
2151 2878 2386 2929 quorum

734 3125 766 3157 1-
806 3125 1006 3169 stass-*sque
1030 3121 1078 3161 V.
1116 3119 1374 3173 hoste’aesque]
1401 3120 1450 3160 G.
1484 3143 1527 3152 -
1577 3120 1616 3160 9.
1655 3122 1832 3159 invitm
1849 3121 1901 3160 Κ.
1930 3141 1979 3151 —
2031 3122 2090 3160 18.
2129 3123 2271 3163 deeora·
2297 3124 2391 3174 suo-

630 3197 694 3229 mi
722 3193 770 3229 ῗ,
810 3189 942 3225 denari
970 3189 1102 3240 Huic]
1129 3191 1177 3229 G.
1206 3211 1250 3222 ·-
1303 3189 1363 3228 16.
1391 3190 1596 3228 mamea
1619 3195 1710 3228 eane
1735 3190 1870 3228 Turio.
1898 3190 1948 3230 V.
1987 3191 2252 3231 noda-abant
2281 3194 2387 3232 eod.

634 3261 826 3309 Tegei-iu.
854 3265 890 3297 nt
914 3257 986 3297 alli
1014 3259 1143 3305 pauci.
1167 3258 1219 3299 K.
1244 3257 1546 3297 moderabantur
1561 3258 1690 3298 eodd.
1718 3257 1801 3297 aiii.
1829 3281 1873 3290 —
1898 3258 2035 3306 vulgus
2059 3258 2113 3300 V.
2142 3281 2194 3290 —-
2223 3263 2289 3300 17.
2319 3275 2392 3299 ae-

634 3331 790 3366 terum
814 3325 866 3366 G.
894 3345 942 3354 --
978 3325 1042 3366 Ὴ.
1070 3325 1116 3365 L.
1146 3325 1308 3365 Manlio
1336 3326 1524 3366 Mancino
1550 3327 1600 3367 V.
1630 3347 1677 3356 -
1714 3327 1776 3366 26.
1806 3326 1970 3366 Metello
1996 3328 2238 3368 Numidia-u
2266 3331 2322 3370 V.
2339 3331 2392 3374 tt.
