2525 3925
614 326 717 377 138
1146 321 1208 375 0.
1244 324 1548 375 SALUS'H
1586 322 1818 377 cmsm

612 448 789 536 rebat,
823 466 1159 519 existumans
1182 469 1496 532 Iugurtham
1531 470 1602 519 ob
1635 480 1768 519 suos
1797 466 2051 519 wtandos
2083 470 2144 517 in
2164 479 2374 519 mama

614 561 924 609 venturum.
974 556 1082 609 Sed
1108 558 1201 609 ubi
1220 556 1374 607 illum
1412 556 1606 619 procul
1635 558 1832 607 abesse
1861 558 1919 605 et
1951 556 2078 606 aliis
2117 557 2378 619 negotiis

613 647 879 697 intentum
914 646 1129 707 accepit
1138 678 1157 710 ,
1190 647 1396 695 maiora
1418 647 1476 695 et
1507 645 1682 706 magis
1715 655 1911 705 aspera
1947 644 2180 707 adgredi
2223 648 2374 693 ten-

505 746 507 748 *
615 746 719 795 pus
752 734 932 783 visum
968 736 1067 783 est.
1122 732 1259 783 Erat
1289 734 1437 783 inter
1469 732 1710 795 ingentis
1741 730 2068 781 solitudines
2101 730 2370 793 oppidum

571 828 877 885 5magnum
908 823 1073 883 atque
1110 821 1331 886 valens,
1366 822 1580 870 nomine
1621 816 1824 882 Capsa,
1878 820 2073 881 quoius
2106 817 2371 869 conditor

610 908 878 960 Hercules
912 910 1087 970 Libys
1134 908 1549 958 memorabatur.
1619 906 1750 957 Eius
1785 908 1937 957 cives
1974 907 2122 967 apud
2156 907 2374 970 lugur-

612 999 759 1049 tham
792 998 1069 1058 inmunes,
1111 994 1226 1045 levi
1258 996 1490 1056 imperio
1527 997 1594 1043 et.
1620 994 1686 1043 ob
1727 1006 1796 1043 ea
1825 992 2146 1044 fidelissumi
2187 994 2370 1043 habe-

610 1086 837 1146 bantur,
884 1083 1077 1138 muniti
1112 1083 1400 1133 advorsum
1435 1080 1606 1131 hostis
1641 1092 1748 1130 nou
1782 1081 2065 1131 moenibus
2097 1080 2272 1131 modo
2311 1086 2368 1132 et

610 1173 775 1221 armis
811 1172 979 1233 atque
1014 1171 1181 1233 viris,
1232 1181 1424 1221 verum
1465 1171 1632 1219 etiam
1675 1168 1846 1219 multo
1882 1170 2060 1231 magis
2107 1167 2368 1219 locorum

539 1260 925 1321 1oasperitate.
995 1258 1135 1307 Nam
1180 1260 1402 1319 praeter
1444 1257 1640 1320 oppido
1666 1258 1986 1331 ‘propinqua
2017 1256 2135 1307 alia
2172 1259 2366 1307 omnia

608 1350 801 1413 vasta,
833 1346 1065 1410 inculta,
1100 1348 1322 1411 egentia
1357 1358 1549 1408 aquae,
1584 1346 1785 1397 infesta
1819 1346 2188 1414 serpentibus,
2221 1357 2366 1407 quo-

610 1446 733 1483 rum
769 1434 854 1486 vis
888 1435 1052 1484 sicuti
1087 1435 1330 1483 omnium
1369 1434 1611 1483 ferarum
1645 1434 1832 1494 inopia
1867 1434 1977 1483 cibi
2022 1434 2246 1496 aerim-3
2295 1435 2364 1483 ad

609 1520 713 1569 hoc
750 1522 945 1570 natura
980 1522 1318 1583 serpentium
1352 1521 1472 1582 ipsa
1506 1522 1815 1581 perniciosa
1849 1521 1946 1569 siti
1977 1521 2160 1581 magis
2197 1533 2362 1583 quam

610 1607 724 1657 alia
758 1620 821 1657 re
856 1610 1186 1661 accenditur.
1236 1608 1370 1659 Eius
1405 1608 1652 1669 potiundi
1685 1610 1920 1658 Marium
1957 1620 2226 1659 maxuma
2265 1621 2360 1659 eu-

537 1704 599 1756 15
616 1696 742 1758 pido
780 1696 1077 1759 invaserat,
1120 1708 1278 1758 quom
1308 1698 1536 1758 propter
1572 1708 1724 1746 usum
1761 1695 1912 1762 belli,
1948 1698 2060 1744 tum
2097 1698 2238 1758 quia
2273 1708 2362 1747 res

609 1794 809 1845 aspera
841 1784 1157 1851 videbatur,
1207 1786 1264 1835 et
1297 1784 1558 1835 Metellus
1605 1784 1856 1846 oppidum
1891 1782 2122 1835 Thalam
2157 1796 2361 1847 magna

608 1870 791 1933 gloria
827 1873 1069 1938 ceperat,
1102 1872 1245 1923 haud
1277 1871 1611 1923 dissimiliter
1633 1872 1794 1921 situm
1815 1872 2214 1937 munitumque,
2253 1874 2357 1921 nisi

612 1959 753 2020 quod
788 1960 928 2020 apud
967 1957 1195 2009 Thalam
1228 1971 1338 2010 non
1372 1957 1538 2023 longe
1559 1972 1594 2008 a
1615 1958 1894 2008 moenibus
1931 1957 2150 2020 aliquot
2173 1960 2356 2012 fontes

608 2048 783 2108 erant,
822 2043 1127 2106 Capsenses
1160 2059 1274 2096 una
1305 2046 1464 2095 modo
1500 2049 1666 2108 atque
1697 2058 1766 2094 ea
1788 2047 1936 2096 intra
1958 2047 2222 2106 oppidum
2241 2049 2360 2111 iugi

532 2135 789 2196 zoaqua,
840 2133 1027 2182 cetera
1065 2132 1257 2193 pluvia
1303 2133 1612 2183 utebantur.
1682 2134 1742 2181 Id
1789 2134 1982 2196 ibique-
2021 2136 2080 2183 et
2111 2135 2176 2184 in
2211 2137 2358 2184 omni

606 2217 821 2282 Africa,
856 2229 998 2279 quae
1034 2218 1227 2280 procul
1251 2231 1286 2270 a
1308 2221 1446 2268 mari
1479 2219 1740 2270 incultius
1775 2222 1988 2284 agebat,
2019 2233 2088 2271 eo
2129 2223 2356 2273 facilius

606 2304 975 2368 tolerabatur,
1032 2307 1161 2368 quia
1198 2307 1470 2356 Numidae
1517 2307 1842 2370 plerumque
1887 2309 2034 2358 lacte
2081 2312 2142 2358 et
2174 2310 2356 2360 ferina

606 2403 773 2442 carne
808 2394 1175 2444 vescebantur
1216 2397 1274 2444 et
1320 2405 1498 2457 neque
1547 2395 1718 2444 salem
1767 2407 1942 2458 neque
1991 2397 2104 2446 alia
2153 2398 2360 2448 inrita-

603 2483 789 2548 menta
823 2478 991 2542 gulae
1032 2483 1396 2545 quaerebant3
1451 2482 1602 2532 cibus
1649 2481 1764 2532 illis
1813 2484 2106 2534 advorsum
2156 2486 2354 2536 famem

530 2565 595 2620 25
610 2568 771 2628 atque
805 2567 983 2632 sitim,
1018 2579 1129 2618 non
1164 2569 1392 2619 lubidini
1422 2580 1598 2631 neque
1631 2569 1880 2619 luxuriae
1919 2574 2059 2620 erat.

708 2653 799 2703 90.
836 2655 1013 2718 Igitur
1048 2656 1241 2706 consul
1277 2657 1526 2706 omnibus
1561 2655 1879 2720 exploratis,
1916 2659 2080 2708 credo
2113 2659 2203 2710 dis
2237 2662 2352 2712 fre-

602 2742 707 2805 tus,
751 2745 903 2800 (nam
938 2744 1133 2792 contra
1169 2745 1350 2792 tantas
1388 2740 1737 2794 difficultates
1775 2745 2007 2795 consilio
2041 2747 2182 2796 satis
2217 2762 2352 2810 pro-

602 2827 793 2878 videre
828 2841 937 2878 non
968 2830 1221 2895 poterat,
1257 2831 1454 2892 quippe
1489 2832 1653 2880 etiam
1691 2833 1948 2885 frumenti
1981 2837 2176 2900 inopia
2212 2841 2354 2888 tem-

604 2917 888 2980 ptabatur,
944 2915 1087 2980 quod
1130 2917 1395 2968 Numidae
1444 2917 1644 2980 pabulo
1691 2923 1912 2980 pecoris
1956 2926 2136 2988 magis
2183 2937 2348 2988 quam

699 3077 739 3118 5.
780 3077 955 3118 validam
987 3079 1037 3120 V.
1062 3099 1111 3109 —
1160 3080 1199 3120 7.
1238 3081 1322 3120 lem·
1356 3080 1433 3128 V.;
1471 3092 1614 3120 rursus
1648 3081 1889 3128 ramerius.
1918 3107 1966 3118 -
2018 3085 2079 3126 10.
2114 3091 2355 3142 propinqua-

601 3147 691 3184 loca
715 3145 763 3184 V.
790 3166 838 3176 -
887 3146 951 3186 11.
981 3159 1147 3195 quarum
1170 3147 1221 3189 V.
1251 3169 1300 3180 -
1349 3149 1412 3188 14.
1449 3147 1553 3187 Eius
1576 3150 1714 3199 oppidu·
1733 3151 1919 3201 potius-da·
1942 3152 1992 3193 V.
2022 3175 2070 3186 -
2118 3155 2188 3196 80.
2227 3159 2349 3209 idque

600 3212 660 3252 itu·
690 3212 739 3251 V.
778 3233 826 3244 —-·
875 3213 940 3254 ²³.
980 3226 1059 3256 om.
1096 3226 1219 3256 carae
1252 3216 1304 3256 V.
1345 3238 1390 3250 -
1423 3216 1704 3268 vescebantur,
1743 3231 1870 3272 neque
1901 3221 1952 3262 V.
1995 3243 2042 3254 -
2089 3223 2212 3272 qula·
2245 3226 2345 3266 ἐπι·-

603 3285 776 3320 emma
798 3279 855 3320 V..
