2525 3925
553 319 666 377 88⁰
1095 322 1459 377 ammonui
1491 322 1553 373 '1'-
1587 322 1771 375 mvn

1225 470 1459 522 Liber
1503 470 1618 521 ΙΝ.

661 591 719 640 Ρ.
768 586 1021 640 Cornelio
1066 588 1300 651 Nasica,
1358 588 1446 637 eui
1507 596 1804 651 cognomen
1855 586 2120 647 Serapion
2170 584 2343 645 minsis

557 678 624 730 ab
664 678 927 729 irridente
963 675 1205 728 Curiatio
1257 677 1474 726 tribuno
1522 676 1697 737 plebis
1740 674 2089 739 impositum,
2138 678 2193 722 et
2224 672 2283 720 D.

554 765 710 815 lunio
737 766 900 815 Bruto
928 764 1238 816 consulibus
1268 762 1537 814 delectum
1573 763 1890 813 habentibus
1914 764 1970 811 in
1994 766 2284 823 conspectu

510 854 797 907 5tironum
821 865 912 904 res
943 854 1286 906 saluberrimi
1321 850 1556 913 exempli
1588 850 1739 901 facta
1774 858 2053 901 estrnam
2080 847 2142 897 C.
2170 850 2285 897 Ma-

553 942 732 992 tienus
767 947 1057 992 accusatus
1097 944 1182 991 est
1219 938 1359 1005 apud
1404 941 1649 990 tribunos
1685 939 1891 1002 plebis,
1941 936 2079 1000 quod
2130 949 2286 986 exer-

555 1033 721 1081 citum
761 1033 816 1081 in
854 1032 1120 1094 Hispania
1167 1028 1530 1093 deseruisset,
1578 1030 1963 1089 damnatusque
1996 1025 2095 1074 sub
2136 1026 2287 1074 furca

556 1120 646 1168 diu
686 1119 858 1181 virgis
896 1130 1090 1169 caesus
1125 1121 1228 1184 est,
1263 1121 1321 1167 et
1354 1118 1611 1167 sestertio
1646 1126 1858 1165 nummo
1900 1116 2088 1165 veniit.
2164 1114 2286 1163 'l'ri-

553 1206 681 1255 buni
718 1204 894 1267 plebis
932 1206 1059 1268 quia
1097 1216 1206 1255 non
1240 1206 1632 1269 impetrarent,
1680 1209 1740 1254 ut
1774 1204 1879 1255 sibi
1916 1204 2119 1266 denos,
2159 1214 2287 1265 quos

477 1302 544 1353 10
557 1291 794 1358 vellent,
841 1291 1047 1345 milites
1083 1296 1325 1345 eximere
1360 1292 1587 1360 liceret,
1632 1292 1884 1344 consules
1918 1294 1975 1342 iu
2011 1302 2286 1341 carcerem

552 1381 677 1430 duci
729 1382 1022 1431 iusserunt.
1093 1382 1282 1433 Iunius
1329 1384 1525 1431 Brutus
1576 1380 1763 1431 consul
1810 1382 1865 1429 iu
1918 1380 2184 1440 Hispania
2224 1356 2285 1427 iis

551 1469 644 1531 qui
677 1468 776 1519 sub
811 1470 1064 1520 Viriatho
1096 1470 1471 1520 militaverant
1520 1481 1687 1533 agros
1723 1474 1781 1520 et
1826 1468 2081 1530 oppidum
2125 1466 2284 1531 dedit,

553 1553 697 1620 quod
733 1555 992 1609 Valentia
1039 1560 1299 1607 vocatum
1342 1562 1443 1606 est.
1511 1556 1586 1606 Μ.
1624 1555 1887 1619 Popillius
1936 1568 1971 1606 a
2005 1556 2297 1612 Numanti-,

551 1648 664 1711 nis,
716 1657 843 1695 cum
893 1646 1086 1708 quibus
1135 1656 1327 1711 pacem
1377 1646 1581 1695 factam
1632 1648 1872 1695 senatus·
1902 1646 2117 1695 irritam
2174 1644 2283 1703 neri

474 1738 540 1790 15
556 1737 872 1800 censuerat,
906 1744 1027 1785 cum
1061 1735 1306 1785 exercitu
1344 1734 1498 1783 fusus
1535 1733 1869 1797 fugatusque
1903 1740 2004 1783 est.
2078 1730 2138 1782 C.
2182 1734 2345 1785 ilo-⁶17

546 1823 698 1874 stilio
731 1823 986 1874 Mancino
1018 1821 1244 1873 consule
1279 1820 1626 1872 sacrificante
1668 1820 1804 1883 pulli
1838 1832 1907 1871 ex
1948 1833 2123 1871 cavea
2157 1832 2286 1871 evo—

544 1910 806 1964 laverunt
817 1924 837 1976 3
886 1910 1273 1964 conscendenti
1308 1909 1502 1962 deinde
1536 1910 1737 1978 navim,
1782 1914 1841 1959 ut
1878 1910 1933 1960 iu
1968 1910 2285 1973 Hispaniam

547 1997 1018 2066 proficisceretur,
1064 2002 1271 2052 accidit
1317 2012 1429 2049 vox
1477 2001 1711 2062 «Mane,
1764 2000 2097 2049 Mancinet»
2153 2011 2285 2061 quae

551 2087 798 2148 auspicia
860 2087 1041 2139 tristia
1089 2088 1260 2139 fuisse
1313 2093 1518 2139 eventu
1568 2088 1849 2150 probatum
1904 2091 2003 2138 est.
2098 2088 2286 2136 Victus

473 2173 694 2226 2oenim
741 2184 776 2224 a
811 2173 1157 2225 Numantinis
1191 2179 1248 2225 et
1294 2177 1493 2226 castris
1528 2179 1755 2240 exutus,
1804 2187 1925 2225 cum
1960 2185 2088 2235 spes
2137 2175 2287 2224 nulla

547 2261 806 2310 servandi
840 2261 1118 2312 exercitus
1153 2267 1330 2329 esset,
1384 2274 1571 2325 pacem
1607 2274 1733 2313 cum
1770 2265 1853 2312 eis
1886 2263 2019 2312 fecit
2052 2263 2287 2328 ignomi-

545 2350 792 2412 niosam,
857 2359 1016 2410 quam
1071 2353 1248 2400 ratam
1310 2363 1433 2400 esse
1489 2357 1713 2402 senatus
1765 2351 1954 2402 vetuit.
2036 2352 2287 2414 Triginta

544 2435 696 2487 milia
750 2437 1120 2488 Romanorum
1171 2450 1206 2487 a
1257 2437 1717 2488 Numantinorum
1767 2438 1984 2490 milibus
2034 2445 2288 2500 quattuor

547 2526 698 2574 victa
736 2528 910 2576 erant.
979 2525 1047 2576 D.
1082 2526 1271 2576 Iunius
1306 2527 1645 2578 Lusitaniam
1679 2527 1907 2590 triginta
1940 2528 2159 2580 urbium
2196 2541 2287 2578 ex-

467 2614 536 2668 25
549 2613 971 2676 pugnationibus
1022 2625 1196 2676 usque
1245 2613 1316 2663 ad
1368 2625 1622 2664 oceasum
1670 2618 1729 2664 et
1766 2614 2037 2666 Oceanum
2090 2617 2287 2676 perdo-

541 2703 714 2766 muit3
761 2703 823 2750 et
859 2713 980 2752 cum
1013 2702 1236 2752 nuvium
1274 2700 1617 2752 Oblivionem
1662 2703 1896 2754 transire
1934 2702 2149 2754 nollent
2192 2704 2289 2756 mi-

540 2788 701 2855 lltes,
749 2793 999 2852 ereptum
1034 2791 1303 2854 signifero
1341 2791 1555 2856 signum
1587 2790 1708 2851 ipse
1746 2790 2053 2854 transtulit,
2096 2797 2155 2841 et
2195 2795 2286 2857 sic,

543 2882 604 2927 ut
657 2876 1200 2943 transgrederentur,
1257 2879 1547 2941 persuasit.
1615 2877 1919 2930 Alexandri
1966 2879 2140 2945 illius,
2194 2893 2286 2930 rex

544 2963 772 3026 tyriae,
821 2963 1007 3015 decem
1041 2976 1214 3016 annos
1248 2965 1533 3018 admodum
1572 2966 1800 3032 babens,
1834 2981 1869 3019 a
1896 2969 2161 3031 Diodoto,
2198 2969 2282 3031 qui

469 3049 801 3120 30'1'rypbon
839 3054 1353 3119 cognominabatur,
1389 3059 1571 3106 tutore
1605 3066 1734 3123 suo,
1771 3067 1870 3118 per
1904 3055 2155 3110 fraudem
2190 3067 2283 3107 oc-

638 3308 704 3351 2⁸.
743 3307 961 3349 ousae-sn
995 3307 1098 3350 Cod.
1127 3309 1246 3361 8023.
1274 3309 1557 3353 Cat-ubonuc.
