2525 3925
625 288 910 345 BELLUM
945 291 1470 345 IUGURTHINUM.
1773 338 1778 341 .
1818 292 1926 343 103
1949 300 1960 311 ‘

144 438 285 515 οίιρ.
320 437 395 485 de
432 435 563 489 belli
600 442 798 489 eventu
834 438 983 493 laeta
1018 449 1203 505 agere,
1237 439 1390 489 fama
1413 441 1479 489 de
1502 439 1730 490 Metello
1759 452 1926 501 prae-

143 526 329 577 clara
350 537 493 575 esse.
545 528 722 591 Igitur
748 540 813 577 eo
839 528 1097 602 intentior
1120 527 1187 577 ad
1214 528 1500 577 victoriam
1523 528 1644 592 niti,
1679 530 1924 579 omnibus

146 616 348 665 modis
386 614 669 677 festinare,
714 628 910 665 cavere
950 621 1146 682 tamen,
1181 617 1377 666 necubi
1413 618 1556 665 hosti
1591 622 1922 677 opportunus

149 705 351 766 fieret,
390 705 697 753 meminisse
726 708 849 764 post
883 703 1115 765 gloriam
1150 706 1410 753 invidiam
1443 704 1616 765 sequi.
1690 707 1774 753 lta
1812 716 1920 766 quo

156 792 419 857 clarior,
454 804 519 841 eo
552 796 728 855 magis
764 794 959 843 anxius
994 798 1145 854 erat,
1186 804 1364 855 neque
1401 796 1526 853 post
1559 793 1786 841 insidias
1827 790 1968 841 lu-5

156 882 416 945 gurtbae
454 880 622 929 effuso
658 883 901 931 exercitu
932 879 1219 943 praedari,
1260 881 1348 929 ubi
1385 880 1655 931 frumento
1694 883 1788 929 aut
1822 893 1921 942 pa-

158 969 299 1019 bulo
339 980 479 1031 opus
514 974 661 1030 erat,
699 970 947 1027 cohortes
988 981 1108 1018 cum
1140 969 1285 1039 ouini
1320 970 1558 1031 equitatu
1596 971 1922 1030 praesidium

160 1060 465 1121 agitabant
476 1072 497 1119 3
522 1059 796 1109 exercitus
812 1060 1020 1121 partem
1038 1060 1173 1121 ipse,
1192 1057 1434 1119 reliquos
1453 1058 1660 1107 Marius
1677 1057 1926 1107 ducebat.

158 1146 283 1195 Sed
320 1148 442 1209 igni
482 1148 657 1209 magis
694 1159 851 1209 quam
890 1147 1093 1208 praeda
1126 1158 1262 1209 ager
1300 1150 1632 1198 vastabatur.
1701 1148 1924 1197 Duobus

160 1236 315 1289 loeis
358 1235 496 1285 haud
535 1234 701 1299 louge
739 1238 883 1285 inter
912 1248 975 1285 se
1012 1240 1195 1287 eastra
1219 1236 1534 1299 faciebant3
1570 1236 1658 1285 ubi
1695 1237 1748 1282 vi
1784 1246 1917 1297 opus
1935 1230 2002 1281 10

164 1328 315 1387 etat,
358 1326 543 1373 cuncti
576 1326 844 1387 aderant3
882 1327 1137 1387 ceterum,
1178 1336 1285 1387 quo
1323 1326 1456 1389 fuga
1491 1330 1655 1386 atque
1691 1323 1921 1373 formido

164 1414 345 1463 latius
386 1416 685 1477 cresceret,
720 1414 927 1463 divorsi
965 1416 1216 1475 agebant.
1270 1414 1352 1465 Eo
1388 1416 1633 1479 tempore
1663 1412 1924 1477 Iugurtha

166 1514 275 1562 per
315 1500 479 1551 collis
513 1503 699 1565 sequi,
754 1506 970 1563 tempus
1020 1506 1114 1551 aut
1156 1501 1338 1551 locum
1373 1513 1590 1565 pugnae
1627 1511 1923 1564 quaerere3

174 1604 293 1651 qua
333 1594 621 1639 venturum
673 1591 879 1641 bostem
932 1591 1211 1655 audierat,
1263 1590 1526 1653 pabulum
1566 1596 1622 1639 et
1655 1600 1924 1651 aquarum

170 1679 385 1744 fontis,
420 1690 643 1741 quorum
697 1681 928 1741 penuria
978 1683 1137 1745 erat,
1194 1690 1586 1743 conrumpere3
1646 1677 1802 1727 modo
1857 1689 1916 1724 se
1933 1672 2000 1723 15

170 1766 427 1830 Metello,
459 1766 729 1827 interdum
756 1768 934 1817 Mario
968 1768 1274 1833 ostendere,
1311 1770 1584 1829 postremo
1618 1768 1672 1815 in
1707 1748 1922 1831 agmine

172 1859 449 1918 temptare
481 1866 551 1905 ac
584 1856 772 1913 statim
806 1858 867 1903 in
900 1854 1068 1917 pollis
1101 1857 1346 1920 regredi,
1381 1867 1570 1905 rursus
1607 1852 1762 1911 aliiS,
1799 1859 1922 1914 post

168 1944 305 1994 aliis
342 1944 609 2009 minitari,
643 1955 816 2008 neque
854 1943 1119 2009 proelium
1153 1943 1343 1996 facere
1377 1954 1553 2006 neque
1587 1942 1751 1992 otium
1795 1941 1922 2006 pati,

174 2033 545 2092 tantummodo
587 2033 795 2082 bostem
837 2035 907 2084 ab
945 2034 1162 2102 incepto
1197 2035 1455 2085 retinere.

280 2123 372 2170 56.
426 2121 701 2172 Romanus
738 2125 1028 2184 imperator
1068 2121 1157 2170 ubi
1195 2134 1257 2170 se
1307 2121 1458 2173 dolis
1497 2120 1723 2184 fatigari
1768 2110 2004 2168 videt2⁰
2064 2112 2072 2124 “

174 2221 355 2272 neque
390 2209 460 2260 ab
496 2209 651 2260 hoste
689 2211 899 2272 copiam
935 2209 1210 2274 pugnandi
1247 2209 1398 2274 fieri,
1453 2211 1642 2273 urbem
1675 2219 1924 2272 magnam

173 2304 234 2347 et
272 2300 333 2348 in
369 2311 440 2348 ea
474 2303 630 2359 parte
665 2311 770 2360 qua
798 2299 919 2367 'sita
949 2303 1070 2350 erat
1102 2311 1288 2350 arcem
1326 2301 1514 2364 regni,
1557 2299 1772 2347 nomine
1809 2297 1924 2344 Za-

176 2399 339 2449 mam,
373 2387 568 2436 statuit
598 2387 926 2450 obpugnare,
961 2389 1115 2436 ratus
1146 2387 1203 2436 id
1239 2389 1380 2448 quod
1413 2387 1689 2448 negotium
1726 2397 1924 2448 posce—

180 2476 277 2527 bat
298 2475 615 2539 Iugurtham
644 2475 1018 2534 laborantibus
1051 2477 1166 2524 suis
1192 2474 1400 2524 auxilio
1424 2479 1722 2524 venturum
1742 2474 1922 2534 ibique

174 2562 448 2624 proelium
502 2563 639 2617 tore.
726 2565 803 2617 At
846 2563 977 2628 ille,
1026 2574 1167 2624 quae
1216 2565 1551 2625 parabantur
1596 2575 1632 2612 a
1673 2561 1919 2624 perfugis
1932 2554 2000 2608 25

173 2655 425 2716 edoctus,
447 2654 658 2716 magnis
680 2652 965 2705 itineribus
990 2650 1274 2703 Metellum
1299 2653 1592 2714 antevenit,
1623 2648 1923 2712 oppidanos

172 2743 455 2804 bortatur,
508 2741 725 2800 moenia
775 2741 1101 2802 defendant,
1152 2739 1356 2804 additis
1405 2738 1612 2790 auxilio
1659 2739 1922 2798 perfugiS‚

172 2829 319 2892 quod
354 2841 531 2894 genus
563 2841 635 2886 ex
669 2829 843 2890 copiis
876 2831 1053 2892 regis,
1106 2829 1235 2892 quia
1264 2827 1463 2879 fallere
1497 2827 1780 2888 nequibat,
1827 2825 1922 2876 fir·-

172 2920 491 2968 missumum
528 2921 665 2968 erat.
718 2917 1013 2968 Praeterea
1049 2916 1344 2978 pollicetur
1379 2918 1434 2966 in
1472 2920 1718 2977 tempore
1751 2919 1925 2963 semet

174 3019 299 3055 cum
340 3008 587 3054 exercitu
622 3005 829 3056 adfore.
882 3008 969 3055 lta
997 3006 1312 3066 compositis
1336 3004 1500 3054 rebus
1523 3006 1577 3054 in
1611 3003 1740 3054 loca
1763 3015 1918 3065 quam
1933 2990 2006 3042 3⁰

174 3105 428 3143 mantne
466 3092 685 3142 occu-lta
722 3095 953 3144 discedit
987 3105 1054 3143 ae
1093 3097 1215 3156 post
1254 3091 1442 3154 paullo
1483 3093 1766 3155 cognoscit
1799 3093 1924 3140 Ma-

280 3283 315 3321 1.
347 3281 396 3318 de
417 3279 586 3320 Metello
608 3277 723 3330 fama
747 3279 799 3318 V.
827 3279 879 3318 Κ.
