<?xml version="1.0" encoding="UTF-8"?>
<!DOCTYPE html PUBLIC "-//W3C//DTD XHTML 1.0 Transitional//EN"
    "http://www.w3.org/TR/xhtml1/DTD/xhtml1-transitional.dtd">
<html xmlns="http://www.w3.org/1999/xhtml" xml:lang="en" lang="en">
 <head>
  <title>
</title>
<meta http-equiv="Content-Type" content="text/html;charset=utf-8" />
  <meta name='ocr-system' content='tesseract 3.04.00' />
  <meta name='ocr-capabilities' content='ocr_page ocr_carea ocr_par ocr_line ocrx_word'/>
</head>
<body>
  <div class='ocr_page' id='page_1' title='image "./catilinaetiugur00livygoog_0142.png"; bbox 0 0 2525 3925; ppageno 0'>
   <div class='ocr_carea' id='block_1_1' title="bbox 614 311 1815 373">
    <p class='ocr_par' dir='ltr' id='par_1_1' title="bbox 614 311 1815 373">
     <span class='ocr_line' id='line_1_1' title="bbox 614 311 1815 373; baseline -0.007 0"><span class='ocrx_word' id='word_1_1' title='bbox 614 320 717 373; x_wconf 68' lang='lat'><strong>126</strong></span> <span class='ocrx_word' id='word_1_2' title='bbox 1149 312 1209 369; x_wconf 80' lang='lat' dir='ltr'><strong>G.</strong></span> <span class='ocrx_word' id='word_1_3' title='bbox 1246 316 1550 369; x_wconf 72' lang='lat' dir='ltr'>SALUS&#39;H</span> <span class='ocrx_word' id='word_1_4' title='bbox 1587 311 1815 367; x_wconf 77' lang='lat' dir='ltr'><strong>cmsi’l</strong></span> 
     </span>
    </p>
   </div>
   <div class='ocr_carea' id='block_1_2' title="bbox 527 456 2364 2919">
    <p class='ocr_par' dir='ltr' id='par_1_2' title="bbox 527 456 2364 2919">
     <span class='ocr_line' id='line_1_2' title="bbox 612 456 2364 528; baseline -0.003 -11"><span class='ocrx_word' id='word_1_5' title='bbox 612 466 849 517; x_wconf 80' lang='lat' dir='ltr'><strong>iussistis</strong></span> <span class='ocrx_word' id='word_1_6' title='bbox 867 499 884 528; x_wconf 87' lang='lat'><strong>‚</strong></span> <span class='ocrx_word' id='word_1_7' title='bbox 918 475 1075 527; x_wconf 82' lang='lat' dir='ltr'><strong>quam</strong></span> <span class='ocrx_word' id='word_1_8' title='bbox 1110 474 1225 515; x_wconf 85' lang='lat' dir='ltr'><strong>rem</strong></span> <span class='ocrx_word' id='word_1_9' title='bbox 1256 463 1516 514; x_wconf 79' lang='lat' dir='ltr'><strong>nobilitas</strong></span> <span class='ocrx_word' id='word_1_10' title='bbox 1549 472 1870 526; x_wconf 79' lang='lat' dir='ltr'><strong>aegerrume</strong></span> <span class='ocrx_word' id='word_1_11' title='bbox 1905 458 2049 512; x_wconf 82' lang='lat' dir='ltr'><strong>tulit.</strong></span> <span class='ocrx_word' id='word_1_12' title='bbox 2120 456 2364 527; x_wconf 81' lang='lat' dir='ltr'><strong>Quaeso,</strong></span> 
     </span>
     <span class='ocr_line' id='line_1_3' title="bbox 610 549 2364 619; baseline -0.003 -12"><span class='ocrx_word' id='word_1_13' title='bbox 610 556 1015 617; x_wconf 82' lang='lat' dir='ltr'><strong>reputate&#39;eum</strong></span> <span class='ocrx_word' id='word_1_14' title='bbox 1050 553 1247 603; x_wconf 84' lang='lat' dir='ltr'><strong>animis</strong></span> <span class='ocrx_word' id='word_1_15' title='bbox 1282 552 1518 619; x_wconf 82' lang='lat' dir='ltr'><strong>vostris,</strong></span> <span class='ocrx_word' id='word_1_16' title='bbox 1551 563 1678 601; x_wconf 89' lang='lat' dir='ltr'><strong>num</strong></span> <span class='ocrx_word' id='word_1_17' title='bbox 1709 552 1766 601; x_wconf 88' lang='lat' dir='ltr'><strong>id</strong></span> <span class='ocrx_word' id='word_1_18' title='bbox 1801 551 2000 601; x_wconf 83' lang='lat' dir='ltr'><strong>mutari</strong></span> <span class='ocrx_word' id='word_1_19' title='bbox 2035 549 2232 601; x_wconf 88' lang='lat' dir='ltr'><strong>melius</strong></span> <span class='ocrx_word' id='word_1_20' title='bbox 2269 552 2364 611; x_wconf 87' lang='lat' dir='ltr'><strong>sit,</strong></span> 
     </span>
     <span class='ocr_line' id='line_1_4' title="bbox 610 636 2358 706; baseline -0.003 -11"><span class='ocrx_word' id='word_1_21' title='bbox 610 645 661 695; x_wconf 87' lang='lat' dir='ltr'><strong>si</strong></span> <span class='ocrx_word' id='word_1_22' title='bbox 696 655 855 706; x_wconf 76' lang='lat' dir='ltr'><strong>quem</strong></span> <span class='ocrx_word' id='word_1_23' title='bbox 890 654 961 691; x_wconf 88' lang='lat' dir='ltr'><strong>ex</strong></span> <span class='ocrx_word' id='word_1_24' title='bbox 992 640 1093 691; x_wconf 89' lang='lat' dir='ltr'><strong>illo</strong></span> <span class='ocrx_word' id='word_1_25' title='bbox 1126 640 1293 705; x_wconf 84' lang='lat' dir='ltr'><strong>globo</strong></span> <span class='ocrx_word' id='word_1_26' title='bbox 1337 640 1639 691; x_wconf 72' lang='lat' dir='ltr'><strong>nobilitatis</strong></span> <span class='ocrx_word' id='word_1_27' title='bbox 1681 640 1752 689; x_wconf 87' lang='lat' dir='ltr'><strong>ad</strong></span> <span class='ocrx_word' id='word_1_28' title='bbox 1784 640 1890 689; x_wconf 83' lang='lat' dir='ltr'><strong>hoe</strong></span> <span class='ocrx_word' id='word_1_29' title='bbox 1923 643 2020 689; x_wconf 84' lang='lat' dir='ltr'><strong>aut</strong></span> <span class='ocrx_word' id='word_1_30' title='bbox 2053 636 2208 688; x_wconf 86' lang='lat' dir='ltr'><strong>aliud</strong></span> <span class='ocrx_word' id='word_1_31' title='bbox 2247 639 2358 689; x_wconf 83' lang='lat' dir='ltr'><strong>tale</strong></span> 
     </span>
     <span class='ocr_line' id='line_1_5' title="bbox 610 728 2361 795; baseline -0.001 -14"><span class='ocrx_word' id='word_1_32' title='bbox 610 732 891 795; x_wconf 83' lang='lat' dir='ltr'><strong>negotium</strong></span> <span class='ocrx_word' id='word_1_33' title='bbox 924 731 1183 791; x_wconf 86' lang='lat' dir='ltr'><strong>mittatis,</strong></span> <span class='ocrx_word' id='word_1_34' title='bbox 1243 730 1508 779; x_wconf 80' lang='lat' dir='ltr'><strong>hominem</strong></span> <span class='ocrx_word' id='word_1_35' title='bbox 1538 729 1746 779; x_wconf 81' lang='lat' dir='ltr'><strong>veteris</strong></span> <span class='ocrx_word' id='word_1_36' title='bbox 1780 729 2066 791; x_wconf 78' lang='lat' dir='ltr'><strong>prosapiae</strong></span> <span class='ocrx_word' id='word_1_37' title='bbox 2106 742 2177 781; x_wconf 84' lang='lat' dir='ltr'><strong>ae</strong></span> <span class='ocrx_word' id='word_1_38' title='bbox 2211 728 2361 779; x_wconf 87' lang='lat' dir='ltr'><strong>rnul-</strong></span> 
     </span>
     <span class='ocr_line' id='line_1_6' title="bbox 569 816 2360 884; baseline -0.003 -11"><span class='ocrx_word' id='word_1_39' title='bbox 569 823 795 873; x_wconf 85' lang='lat' dir='ltr'><strong>5tarum</strong></span> <span class='ocrx_word' id='word_1_40' title='bbox 826 820 1119 883; x_wconf 75' lang='lat' dir='ltr'>imaginum</span> <span class='ocrx_word' id='word_1_41' title='bbox 1153 820 1211 870; x_wconf 86' lang='lat' dir='ltr'><strong>et</strong></span> <span class='ocrx_word' id='word_1_42' title='bbox 1242 816 1450 868; x_wconf 86' lang='lat' dir='ltr'><strong>nullius</strong></span> <span class='ocrx_word' id='word_1_43' title='bbox 1470 816 1744 884; x_wconf 88' lang='lat' dir='ltr'><strong>stipendi,</strong></span> <span class='ocrx_word' id='word_1_44' title='bbox 1773 816 1994 867; x_wconf 85' lang='lat' dir='ltr'><strong>seilicet</strong></span> <span class='ocrx_word' id='word_1_45' title='bbox 2029 820 2090 867; x_wconf 88' lang='lat' dir='ltr'><strong>ut</strong></span> <span class='ocrx_word' id='word_1_46' title='bbox 2117 818 2180 867; x_wconf 83' lang='lat' dir='ltr'><strong>in</strong></span> <span class='ocrx_word' id='word_1_47' title='bbox 2203 821 2360 869; x_wconf 87' lang='lat' dir='ltr'><strong>tanta</strong></span> 
     </span>
     <span class='ocr_line' id='line_1_7' title="bbox 608 904 2361 973; baseline -0.003 -13"><span class='ocrx_word' id='word_1_48' title='bbox 608 922 673 960; x_wconf 89' lang='lat' dir='ltr'><strong>re</strong></span> <span class='ocrx_word' id='word_1_49' title='bbox 720 910 949 973; x_wconf 85' lang='lat' dir='ltr'><strong>ignarus</strong></span> <span class='ocrx_word' id='word_1_50' title='bbox 980 908 1213 957; x_wconf 88' lang='lat' dir='ltr'><strong>omnium</strong></span> <span class='ocrx_word' id='word_1_51' title='bbox 1271 906 1536 971; x_wconf 77' lang='lat' dir='ltr'><strong>trepidet,</strong></span> <span class='ocrx_word' id='word_1_52' title='bbox 1595 907 1850 970; x_wconf 80' lang='lat' dir='ltr'><strong>festinet,</strong></span> <span class='ocrx_word' id='word_1_53' title='bbox 1905 908 2086 957; x_wconf 84' lang='lat' dir='ltr'><strong>sumat</strong></span> <span class='ocrx_word' id='word_1_54' title='bbox 2118 904 2361 967; x_wconf 75' lang='lat' dir='ltr'><strong>aliquem</strong></span> 
     </span>
     <span class='ocr_line' id='line_1_8' title="bbox 610 992 2360 1059; baseline -0.001 -12"><span class='ocrx_word' id='word_1_55' title='bbox 610 1010 681 1047; x_wconf 87' lang='lat' dir='ltr'><strong>ex</strong></span> <span class='ocrx_word' id='word_1_56' title='bbox 722 996 925 1059; x_wconf 88' lang='lat' dir='ltr'><strong>populo</strong></span> <span class='ocrx_word' id='word_1_57' title='bbox 960 996 1282 1045; x_wconf 88' lang='lat' dir='ltr'><strong>monitorem</strong></span> <span class='ocrx_word' id='word_1_58' title='bbox 1319 994 1466 1045; x_wconf 85' lang='lat' dir='ltr'><strong>offici</strong></span> <span class='ocrx_word' id='word_1_59' title='bbox 1499 996 1604 1051; x_wconf 74' lang='lat' dir='ltr'><strong>sui.</strong></span> <span class='ocrx_word' id='word_1_60' title='bbox 1675 996 1762 1045; x_wconf 86' lang='lat' dir='ltr'><strong>Ita</strong></span> <span class='ocrx_word' id='word_1_61' title='bbox 1799 992 2116 1056; x_wconf 80' lang='lat' dir='ltr'><strong>plerumque</strong></span> <span class='ocrx_word' id='word_1_62' title='bbox 2153 996 2360 1057; x_wconf 86' lang='lat' dir='ltr'><strong>evenit,</strong></span> 
     </span>
     <span class='ocr_line' id='line_1_9' title="bbox 611 1074 2358 1147; baseline -0.001 -12"><span class='ocrx_word' id='word_1_63' title='bbox 611 1088 673 1135; x_wconf 90' lang='lat' dir='ltr'><strong>ut</strong></span> <span class='ocrx_word' id='word_1_64' title='bbox 705 1097 862 1147; x_wconf 84' lang='lat' dir='ltr'><strong>quem</strong></span> <span class='ocrx_word' id='word_1_65' title='bbox 895 1096 997 1134; x_wconf 81' lang='lat' dir='ltr'><strong>vos</strong></span> <span class='ocrx_word' id='word_1_66' title='bbox 1026 1084 1412 1145; x_wconf 79' lang='lat' dir='ltr'><strong>imperatorem</strong></span> <span class='ocrx_word' id='word_1_67' title='bbox 1443 1085 1696 1147; x_wconf 85' lang='lat' dir='ltr'><strong>iussistis,</strong></span> <span class='ocrx_word' id='word_1_68' title='bbox 1737 1078 1790 1133; x_wconf 82' lang='lat' dir='ltr'><strong>is&#39;</strong></span> <span class='ocrx_word' id='word_1_69' title='bbox 1821 1074 1928 1133; x_wconf 63' lang='lat' dir='ltr'><strong>silvi</strong></span> <span class='ocrx_word' id='word_1_70' title='bbox 1963 1083 2358 1143; x_wconf 72' lang='lat' dir='ltr'><strong>imperatorem</strong></span> 
     </span>
     <span class='ocr_line' id='line_1_10' title="bbox 609 1167 2360 1238; baseline 0 -17"><span class='ocrx_word' id='word_1_71' title='bbox 609 1172 774 1223; x_wconf 85' lang='lat' dir='ltr'><strong>alium</strong></span> <span class='ocrx_word' id='word_1_72' title='bbox 812 1172 1052 1235; x_wconf 84' lang='lat' dir='ltr'><strong>quaerat.</strong></span> <span class='ocrx_word' id='word_1_73' title='bbox 1096 1173 1282 1235; x_wconf 80' lang='lat' dir='ltr'><strong>Atque</strong></span> <span class='ocrx_word' id='word_1_74' title='bbox 1317 1184 1420 1235; x_wconf 83' lang='lat' dir='ltr'><strong>ego</strong></span> <span class='ocrx_word' id='word_1_75' title='bbox 1455 1174 1593 1238; x_wconf 85' lang='lat' dir='ltr'><strong>seio,</strong></span> <span class='ocrx_word' id='word_1_76' title='bbox 1627 1167 1889 1234; x_wconf 79' lang='lat' dir='ltr'><strong>Quirites,</strong></span> <span class='ocrx_word' id='word_1_77' title='bbox 1927 1172 2038 1235; x_wconf 87' lang='lat' dir='ltr'><strong>qui,</strong></span> <span class='ocrx_word' id='word_1_78' title='bbox 2073 1176 2360 1235; x_wconf 76' lang='lat' dir='ltr'><strong>postquam</strong></span> 
     </span>
     <span class='ocr_line' id='line_1_11' title="bbox 534 1260 2360 1324; baseline -0.001 -14"><span class='ocrx_word' id='word_1_79' title='bbox 534 1264 601 1319; x_wconf 89' lang='lat'><strong>10</strong></span> <span class='ocrx_word' id='word_1_80' title='bbox 613 1260 867 1313; x_wconf 79' lang='lat' dir='ltr'><strong>eonsules</strong></span> <span class='ocrx_word' id='word_1_81' title='bbox 900 1260 1037 1311; x_wconf 76' lang='lat' dir='ltr'><strong>facti</strong></span> <span class='ocrx_word' id='word_1_82' title='bbox 1073 1263 1230 1324; x_wconf 86' lang='lat' dir='ltr'><strong>sunt,</strong></span> <span class='ocrx_word' id='word_1_83' title='bbox 1288 1266 1414 1311; x_wconf 85' lang='lat' dir='ltr'><strong>aeta</strong></span> <span class='ocrx_word' id='word_1_84' title='bbox 1447 1262 1708 1311; x_wconf 84' lang='lat' dir='ltr'><strong>maiorum</strong></span> <span class='ocrx_word' id='word_1_85' title='bbox 1741 1264 1798 1310; x_wconf 91' lang='lat' dir='ltr'><strong>et</strong></span> <span class='ocrx_word' id='word_1_86' title='bbox 1835 1261 2175 1311; x_wconf 74' lang='lat' dir='ltr'><strong>Graecorum</strong></span> <span class='ocrx_word' id='word_1_87' title='bbox 2211 1261 2360 1311; x_wconf 86' lang='lat' dir='ltr'><strong>mili-</strong></span> 
     </span>
     <span class='ocr_line' id='line_1_12' title="bbox 608 1348 2358 1414; baseline 0 -15"><span class='ocrx_word' id='word_1_88' title='bbox 608 1350 751 1399; x_wconf 80' lang='lat' dir='ltr'><strong>taria</strong></span> <span class='ocrx_word' id='word_1_89' title='bbox 780 1352 1078 1411; x_wconf 76' lang='lat' dir='ltr'><strong>praecepta</strong></span> <span class='ocrx_word' id='word_1_90' title='bbox 1108 1348 1298 1412; x_wconf 86' lang='lat' dir='ltr'><strong>legere</strong></span> <span class='ocrx_word' id='word_1_91' title='bbox 1335 1351 1617 1412; x_wconf 85' lang='lat' dir='ltr'><strong>coeperint</strong></span> <span class='ocrx_word' id='word_1_92' title='bbox 1625 1364 1645 1414; x_wconf 80' lang='lat'>3</span> <span class='ocrx_word' id='word_1_93' title='bbox 1699 1350 2039 1411; x_wconf 75' lang='lat' dir='ltr'><strong>praeposteri</strong></span> <span class='ocrx_word' id='word_1_94' title='bbox 2078 1349 2358 1400; x_wconf 85' lang='lat' dir='ltr'><strong>homines:</strong></span> 
     </span>
     <span class='ocr_line' id='line_1_13' title="bbox 606 1437 2356 1505; baseline 0.001 -18"><span class='ocrx_word' id='word_1_95' title='bbox 606 1448 730 1487; x_wconf 82' lang='lat' dir='ltr'><strong>nam</strong></span> <span class='ocrx_word' id='word_1_96' title='bbox 764 1449 964 1501; x_wconf 85' lang='lat' dir='ltr'><strong>gerere</strong></span> <span class='ocrx_word' id='word_1_97' title='bbox 999 1449 1156 1499; x_wconf 76' lang='lat' dir='ltr'><strong>quam</strong></span> <span class='ocrx_word' id='word_1_98' title='bbox 1190 1437 1312 1487; x_wconf 84' lang='lat' dir='ltr'><strong>fieri</strong></span> <span class='ocrx_word' id='word_1_99' title='bbox 1347 1441 1588 1499; x_wconf 82' lang='lat' dir='ltr'><strong>tempore</strong></span> <span class='ocrx_word' id='word_1_100' title='bbox 1623 1438 1923 1505; x_wconf 84' lang='lat' dir='ltr'><strong>posterius,</strong></span> <span class='ocrx_word' id='word_1_101' title='bbox 1955 1449 2018 1488; x_wconf 89' lang='lat' dir='ltr'><strong>re</strong></span> <span class='ocrx_word' id='word_1_102' title='bbox 2053 1443 2220 1500; x_wconf 80' lang='lat' dir='ltr'><strong>atque</strong></span> <span class='ocrx_word' id='word_1_103' title='bbox 2259 1451 2356 1489; x_wconf 86' lang='lat' dir='ltr'><strong>usu</strong></span> 
     </span>
     <span class='ocr_line' id='line_1_14' title="bbox 608 1522 2358 1590; baseline 0 -15"><span class='ocrx_word' id='word_1_104' title='bbox 608 1526 759 1589; x_wconf 85' lang='lat' dir='ltr'><strong>prius</strong></span> <span class='ocrx_word' id='word_1_105' title='bbox 817 1530 919 1575; x_wconf 87' lang='lat' dir='ltr'><strong>est.</strong></span> <span class='ocrx_word' id='word_1_106' title='bbox 1008 1523 1338 1587; x_wconf 80' lang='lat' dir='ltr'><strong>Comparate</strong></span> <span class='ocrx_word' id='word_1_107' title='bbox 1391 1537 1563 1590; x_wconf 86' lang='lat' dir='ltr'><strong>nune,</strong></span> <span class='ocrx_word' id='word_1_108' title='bbox 1617 1522 1890 1589; x_wconf 83' lang='lat' dir='ltr'><strong>Quirites,</strong></span> <span class='ocrx_word' id='word_1_109' title='bbox 1945 1538 2074 1577; x_wconf 83' lang='lat' dir='ltr'><strong>cum</strong></span> <span class='ocrx_word' id='word_1_110' title='bbox 2127 1526 2358 1577; x_wconf 86' lang='lat' dir='ltr'><strong>illorum</strong></span> 
     </span>
     <span class='ocr_line' id='line_1_15' title="bbox 606 1600 2359 1677; baseline 0 -11"><span class='ocrx_word' id='word_1_111' title='bbox 606 1615 861 1677; x_wconf 81' lang='lat' dir='ltr'><strong>superbia</strong></span> <span class='ocrx_word' id='word_1_112' title='bbox 892 1626 981 1665; x_wconf 90' lang='lat' dir='ltr'><strong>me</strong></span> <span class='ocrx_word' id='word_1_113' title='bbox 1015 1615 1284 1665; x_wconf 86' lang='lat' dir='ltr'><strong>hominem</strong></span> <span class='ocrx_word' id='word_1_114' title='bbox 1322 1626 1540 1665; x_wconf 84' lang='lat' dir='ltr'><strong>novom.</strong></span> <span class='ocrx_word' id='word_1_115' title='bbox 1610 1600 1766 1677; x_wconf 44' lang='lat' dir='ltr'><strong>&#39;Quae</strong></span> <span class='ocrx_word' id='word_1_116' title='bbox 1810 1612 1899 1663; x_wconf 90' lang='lat' dir='ltr'><strong>illi</strong></span> <span class='ocrx_word' id='word_1_117' title='bbox 1943 1616 2135 1665; x_wconf 86' lang='lat' dir='ltr'><strong>audire</strong></span> <span class='ocrx_word' id='word_1_118' title='bbox 2179 1620 2240 1665; x_wconf 90' lang='lat' dir='ltr'><strong>et</strong></span> <span class='ocrx_word' id='word_1_119' title='bbox 2275 1616 2359 1666; x_wconf 90' lang='lat' dir='ltr'><strong>le-</strong></span> 
     </span>
     <span class='ocr_line' id='line_1_16' title="bbox 534 1702 2358 1769; baseline -0.002 -10"><span class='ocrx_word' id='word_1_120' title='bbox 534 1707 597 1759; x_wconf 89' lang='lat'><strong>15</strong></span> <span class='ocrx_word' id='word_1_121' title='bbox 612 1715 747 1768; x_wconf 82' lang='lat' dir='ltr'><strong>gere</strong></span> <span class='ocrx_word' id='word_1_122' title='bbox 786 1703 995 1767; x_wconf 84' lang='lat' dir='ltr'><strong>solent,</strong></span> <span class='ocrx_word' id='word_1_123' title='bbox 1045 1716 1233 1754; x_wconf 85' lang='lat' dir='ltr'><strong>eorum</strong></span> <span class='ocrx_word' id='word_1_124' title='bbox 1275 1705 1486 1766; x_wconf 83' lang='lat' dir='ltr'><strong>partem</strong></span> <span class='ocrx_word' id='word_1_125' title='bbox 1533 1703 1683 1766; x_wconf 84' lang='lat' dir='ltr'><strong>vidi,</strong></span> <span class='ocrx_word' id='word_1_126' title='bbox 1741 1702 1854 1753; x_wconf 80' lang='lat' dir='ltr'><strong>alia</strong></span> <span class='ocrx_word' id='word_1_127' title='bbox 1899 1706 2118 1765; x_wconf 78' lang='lat' dir='ltr'><strong>egomet</strong></span> <span class='ocrx_word' id='word_1_128' title='bbox 2169 1707 2358 1769; x_wconf 82' lang='lat' dir='ltr'><strong>gessi;</strong></span> 
     </span>
     <span class='ocr_line' id='line_1_17' title="bbox 609 1789 2358 1856; baseline 0 -13"><span class='ocrx_word' id='word_1_129' title='bbox 609 1804 751 1855; x_wconf 85' lang='lat' dir='ltr'><strong>quae</strong></span> <span class='ocrx_word' id='word_1_130' title='bbox 787 1792 875 1841; x_wconf 90' lang='lat' dir='ltr'><strong>illi</strong></span> <span class='ocrx_word' id='word_1_131' title='bbox 911 1792 1145 1856; x_wconf 88' lang='lat' dir='ltr'><strong>litteris,</strong></span> <span class='ocrx_word' id='word_1_132' title='bbox 1198 1804 1268 1843; x_wconf 83' lang='lat' dir='ltr'><strong>ea</strong></span> <span class='ocrx_word' id='word_1_133' title='bbox 1314 1803 1419 1855; x_wconf 86' lang='lat' dir='ltr'><strong>ego</strong></span> <span class='ocrx_word' id='word_1_134' title='bbox 1469 1790 1752 1841; x_wconf 88' lang='lat' dir='ltr'><strong>militando</strong></span> <span class='ocrx_word' id='word_1_135' title='bbox 1801 1789 1984 1841; x_wconf 83' lang='lat' dir='ltr'><strong>didici.</strong></span> <span class='ocrx_word' id='word_1_136' title='bbox 2053 1792 2220 1842; x_wconf 85' lang='lat' dir='ltr'><strong>Nune</strong></span> <span class='ocrx_word' id='word_1_137' title='bbox 2256 1806 2358 1843; x_wconf 84' lang='lat' dir='ltr'><strong>vos</strong></span> 
     </span>
     <span class='ocr_line' id='line_1_18' title="bbox 605 1877 2358 1947; baseline 0.001 -16"><span class='ocrx_word' id='word_1_138' title='bbox 605 1883 948 1947; x_wconf 70' lang='lat' dir='ltr'><strong>existimate,</strong></span> <span class='ocrx_word' id='word_1_139' title='bbox 983 1881 1135 1932; x_wconf 86' lang='lat' dir='ltr'><strong>faeta</strong></span> <span class='ocrx_word' id='word_1_140' title='bbox 1165 1892 1237 1932; x_wconf 84' lang='lat' dir='ltr'><strong>an</strong></span> <span class='ocrx_word' id='word_1_141' title='bbox 1273 1881 1422 1933; x_wconf 82' lang='lat' dir='ltr'><strong>dicta</strong></span> <span class='ocrx_word' id='word_1_142' title='bbox 1451 1880 1628 1943; x_wconf 86' lang='lat' dir='ltr'><strong>pluris</strong></span> <span class='ocrx_word' id='word_1_143' title='bbox 1661 1880 1790 1931; x_wconf 84' lang='lat' dir='ltr'><strong>sint.</strong></span> <span class='ocrx_word' id='word_1_144' title='bbox 1857 1877 2224 1931; x_wconf 82' lang='lat' dir='ltr'><strong>Contemnunt</strong></span> <span class='ocrx_word' id='word_1_145' title='bbox 2257 1894 2358 1933; x_wconf 87' lang='lat' dir='ltr'><strong>no·</strong></span> 
     </span>
     <span class='ocr_line' id='line_1_19' title="bbox 605 1969 2360 2037; baseline 0.002 -17"><span class='ocrx_word' id='word_1_146' title='bbox 605 1971 832 2022; x_wconf 85' lang='lat' dir='ltr'><strong>vitatem</strong></span> <span class='ocrx_word' id='word_1_147' title='bbox 882 1982 1055 2021; x_wconf 86' lang='lat' dir='ltr'><strong>meam</strong></span> <span class='ocrx_word' id='word_1_148' title='bbox 1072 2004 1089 2037; x_wconf 94' lang='lat'><strong>,</strong></span> <span class='ocrx_word' id='word_1_149' title='bbox 1138 1983 1245 2034; x_wconf 86' lang='lat' dir='ltr'><strong>ego</strong></span> <span class='ocrx_word' id='word_1_150' title='bbox 1300 1969 1520 2020; x_wconf 85' lang='lat' dir='ltr'><strong>illorum</strong></span> <span class='ocrx_word' id='word_1_151' title='bbox 1571 1971 1878 2034; x_wconf 83' lang='lat' dir='ltr'><strong>ignaviam3</strong></span> <span class='ocrx_word' id='word_1_152' title='bbox 1931 1970 2061 2020; x_wconf 83' lang='lat' dir='ltr'><strong>mihi</strong></span> <span class='ocrx_word' id='word_1_153' title='bbox 2113 1971 2360 2036; x_wconf 83' lang='lat' dir='ltr'><strong>fortuna,</strong></span> 
     </span>
     <span class='ocr_line' id='line_1_20' title="bbox 603 2053 2356 2123; baseline 0.001 -15"><span class='ocrx_word' id='word_1_154' title='bbox 603 2057 719 2108; x_wconf 87' lang='lat' dir='ltr'><strong>illis</strong></span> <span class='ocrx_word' id='word_1_155' title='bbox 753 2060 955 2123; x_wconf 85' lang='lat' dir='ltr'><strong>probra</strong></span> <span class='ocrx_word' id='word_1_156' title='bbox 988 2059 1347 2110; x_wconf 79' lang='lat' dir='ltr'><strong>obiectantur.</strong></span> <span class='ocrx_word' id='word_1_157' title='bbox 1394 2053 1728 2121; x_wconf 75' lang='lat' dir='ltr'><strong>Quamquam</strong></span> <span class='ocrx_word' id='word_1_158' title='bbox 1763 2071 1870 2122; x_wconf 88' lang='lat' dir='ltr'><strong>ego</strong></span> <span class='ocrx_word' id='word_1_159' title='bbox 1905 2059 2156 2110; x_wconf 86' lang='lat' dir='ltr'><strong>naturam</strong></span> <span class='ocrx_word' id='word_1_160' title='bbox 2196 2071 2356 2110; x_wconf 83' lang='lat' dir='ltr'><strong>unam</strong></span> 
     </span>
     <span class='ocr_line' id='line_1_21' title="bbox 528 2146 2358 2212; baseline -0.002 -11"><span class='ocrx_word' id='word_1_161' title='bbox 528 2146 597 2201; x_wconf 84' lang='lat'><strong>20</strong></span> <span class='ocrx_word' id='word_1_162' title='bbox 609 2148 665 2198; x_wconf 90' lang='lat' dir='ltr'><strong>et</strong></span> <span class='ocrx_word' id='word_1_163' title='bbox 690 2158 1025 2198; x_wconf 79' lang='lat' dir='ltr'><strong>communem</strong></span> <span class='ocrx_word' id='word_1_164' title='bbox 1057 2147 1292 2196; x_wconf 87' lang='lat' dir='ltr'><strong>omnium</strong></span> <span class='ocrx_word' id='word_1_165' title='bbox 1324 2147 1613 2212; x_wconf 86' lang='lat' dir='ltr'><strong>existumo,</strong></span> <span class='ocrx_word' id='word_1_166' title='bbox 1645 2146 1744 2198; x_wconf 88' lang='lat' dir='ltr'><strong>sed</strong></span> <span class='ocrx_word' id='word_1_167' title='bbox 1765 2147 2140 2198; x_wconf 75' lang='lat' dir='ltr'><strong>fortissumum</strong></span> <span class='ocrx_word' id='word_1_168' title='bbox 2169 2160 2358 2211; x_wconf 77' lang='lat' dir='ltr'><strong>quem·</strong></span> 
     </span>
     <span class='ocr_line' id='line_1_22' title="bbox 607 2235 2359 2299; baseline 0.002 -15"><span class='ocrx_word' id='word_1_169' title='bbox 607 2247 714 2298; x_wconf 86' lang='lat' dir='ltr'><strong>que</strong></span> <span class='ocrx_word' id='word_1_170' title='bbox 764 2235 1280 2299; x_wconf 82' lang='lat' dir='ltr'><strong>generosissumum.</strong></span> <span class='ocrx_word' id='word_1_171' title='bbox 1348 2237 1434 2285; x_wconf 84' lang='lat' dir='ltr'><strong>Ae</strong></span> <span class='ocrx_word' id='word_1_172' title='bbox 1483 2235 1534 2284; x_wconf 85' lang='lat' dir='ltr'><strong>si</strong></span> <span class='ocrx_word' id='word_1_173' title='bbox 1586 2235 1696 2286; x_wconf 90' lang='lat' dir='ltr'><strong>iam</strong></span> <span class='ocrx_word' id='word_1_174' title='bbox 1747 2247 1818 2285; x_wconf 88' lang='lat' dir='ltr'><strong>ex</strong></span> <span class='ocrx_word' id='word_1_175' title='bbox 1871 2237 2118 2298; x_wconf 80' lang='lat' dir='ltr'><strong>patribus</strong></span> <span class='ocrx_word' id='word_1_176' title='bbox 2169 2237 2359 2288; x_wconf 81' lang='lat' dir='ltr'><strong>Albini</strong></span> 
     </span>
     <span class='ocr_line' id='line_1_23' title="bbox 604 2323 2358 2391; baseline 0.001 -17"><span class='ocrx_word' id='word_1_177' title='bbox 604 2326 701 2376; x_wconf 85' lang='lat' dir='ltr'><strong>aut</strong></span> <span class='ocrx_word' id='word_1_178' title='bbox 738 2323 957 2374; x_wconf 78' lang='lat' dir='ltr'><strong>Bestiae</strong></span> <span class='ocrx_word' id='word_1_179' title='bbox 1002 2323 1191 2386; x_wconf 80' lang='lat' dir='ltr'><strong>quaeri</strong></span> <span class='ocrx_word' id='word_1_180' title='bbox 1233 2327 1450 2387; x_wconf 84' lang='lat' dir='ltr'><strong>posset,</strong></span> <span class='ocrx_word' id='word_1_181' title='bbox 1501 2336 1658 2374; x_wconf 89' lang='lat' dir='ltr'><strong>mene</strong></span> <span class='ocrx_word' id='word_1_182' title='bbox 1702 2336 1772 2373; x_wconf 82' lang='lat' dir='ltr'><strong>an</strong></span> <span class='ocrx_word' id='word_1_183' title='bbox 1817 2323 1948 2374; x_wconf 80' lang='lat' dir='ltr'><strong>illos</strong></span> <span class='ocrx_word' id='word_1_184' title='bbox 1985 2337 2054 2374; x_wconf 87' lang='lat' dir='ltr'><strong>ex</strong></span> <span class='ocrx_word' id='word_1_185' title='bbox 2091 2336 2158 2374; x_wconf 87' lang='lat' dir='ltr'><strong>se</strong></span> <span class='ocrx_word' id='word_1_186' title='bbox 2203 2328 2358 2391; x_wconf 83' lang='lat' dir='ltr'><strong>gigni</strong></span> 
     </span>
     <span class='ocr_line' id='line_1_24' title="bbox 602 2412 2360 2478; baseline 0.001 -16"><span class='ocrx_word' id='word_1_187' title='bbox 602 2412 926 2478; x_wconf 81' lang='lat' dir='ltr'><strong>maluerint,</strong></span> <span class='ocrx_word' id='word_1_188' title='bbox 980 2413 1106 2475; x_wconf 76' lang='lat' dir='ltr'><strong>quid</strong></span> <span class='ocrx_word' id='word_1_189' title='bbox 1140 2424 1498 2475; x_wconf 80' lang='lat' dir='ltr'><strong>responsuros</strong></span> <span class='ocrx_word' id='word_1_190' title='bbox 1539 2412 1791 2477; x_wconf 79' lang='lat' dir='ltr'><strong>creditis,</strong></span> <span class='ocrx_word' id='word_1_191' title='bbox 1847 2413 1954 2462; x_wconf 90' lang='lat' dir='ltr'><strong>nisi</strong></span> <span class='ocrx_word' id='word_1_192' title='bbox 1987 2424 2114 2462; x_wconf 86' lang='lat' dir='ltr'><strong>sese</strong></span> <span class='ocrx_word' id='word_1_193' title='bbox 2149 2412 2360 2466; x_wconf 76' lang='lat' dir='ltr'><strong>liberos</strong></span> 
     </span>
     <span class='ocr_line' id='line_1_25' title="bbox 607 2493 2360 2566; baseline 0.002 -16"><span class='ocrx_word' id='word_1_194' title='bbox 607 2513 771 2564; x_wconf 84' lang='lat' dir='ltr'><strong>quam</strong></span> <span class='ocrx_word' id='word_1_195' title='bbox 816 2503 1063 2564; x_wconf 87' lang='lat' dir='ltr'><strong>optumos</strong></span> <span class='ocrx_word' id='word_1_196' title='bbox 1113 2500 1357 2552; x_wconf 79' lang='lat' dir='ltr'><strong>voluisse</strong></span> <span class='ocrx_word' id='word_1_197' title='bbox 1375 2493 1404 2550; x_wconf 66' lang='lat'><strong><em>3</em></strong></span> <span class='ocrx_word' id='word_1_198' title='bbox 1473 2497 1678 2564; x_wconf 79' lang='lat' dir='ltr'><strong>Quodsi</strong></span> <span class='ocrx_word' id='word_1_199' title='bbox 1727 2502 1848 2551; x_wconf 87' lang='lat' dir='ltr'><strong>iure</strong></span> <span class='ocrx_word' id='word_1_200' title='bbox 1895 2513 1982 2551; x_wconf 89' lang='lat' dir='ltr'><strong>me</strong></span> <span class='ocrx_word' id='word_1_201' title='bbox 2025 2501 2360 2566; x_wconf 80' lang='lat' dir='ltr'><strong>despiciunt,</strong></span> 
     </span>
     <span class='ocr_line' id='line_1_26' title="bbox 527 2590 2358 2653; baseline 0.001 -11"><span class='ocrx_word' id='word_1_202' title='bbox 527 2590 593 2642; x_wconf 79' lang='lat'><strong>25</strong></span> <span class='ocrx_word' id='word_1_203' title='bbox 608 2590 819 2642; x_wconf 74' lang='lat' dir='ltr'><strong>faciunt</strong></span> <span class='ocrx_word' id='word_1_204' title='bbox 850 2591 995 2640; x_wconf 89' lang='lat' dir='ltr'><strong>idem</strong></span> <span class='ocrx_word' id='word_1_205' title='bbox 1026 2591 1324 2642; x_wconf 81' lang='lat' dir='ltr'><strong>maioribus</strong></span> <span class='ocrx_word' id='word_1_206' title='bbox 1357 2591 1490 2653; x_wconf 83' lang='lat' dir='ltr'><strong>suis,</strong></span> <span class='ocrx_word' id='word_1_207' title='bbox 1525 2591 1716 2652; x_wconf 78' lang='lat' dir='ltr'><strong>quibus</strong></span> <span class='ocrx_word' id='word_1_208' title='bbox 1752 2591 1832 2641; x_wconf 91' lang='lat' dir='ltr'><strong>uti</strong></span> <span class='ocrx_word' id='word_1_209' title='bbox 1869 2590 2002 2640; x_wconf 80' lang='lat' dir='ltr'><strong>mihi</strong></span> <span class='ocrx_word' id='word_1_210' title='bbox 2035 2602 2108 2640; x_wconf 87' lang='lat' dir='ltr'><strong>ex</strong></span> <span class='ocrx_word' id='word_1_211' title='bbox 2143 2593 2358 2643; x_wconf 82' lang='lat' dir='ltr'><strong>virtute</strong></span> 
     </span>
     <span class='ocr_line' id='line_1_27' title="bbox 602 2678 2359 2744; baseline 0.002 -16"><span class='ocrx_word' id='word_1_212' title='bbox 602 2678 857 2740; x_wconf 77' lang='lat' dir='ltr'><strong>nobilitas</strong></span> <span class='ocrx_word' id='word_1_213' title='bbox 896 2680 1094 2740; x_wconf 85' lang='lat' dir='ltr'><strong>eoepit.</strong></span> <span class='ocrx_word' id='word_1_214' title='bbox 1164 2679 1416 2728; x_wconf 82' lang='lat' dir='ltr'><strong>Invident</strong></span> <span class='ocrx_word' id='word_1_215' title='bbox 1447 2679 1644 2728; x_wconf 83' lang='lat' dir='ltr'><strong>honori</strong></span> <span class='ocrx_word' id='word_1_216' title='bbox 1679 2689 1832 2742; x_wconf 81' lang='lat' dir='ltr'><strong>meo;</strong></span> <span class='ocrx_word' id='word_1_217' title='bbox 1889 2690 2026 2744; x_wconf 79' lang='lat' dir='ltr'><strong>ergo</strong></span> <span class='ocrx_word' id='word_1_218' title='bbox 2061 2679 2359 2732; x_wconf 84' lang='lat' dir='ltr'><strong>invideant</strong></span> 
     </span>
     <span class='ocr_line' id='line_1_28' title="bbox 599 2765 2360 2832; baseline 0.001 -14"><span class='ocrx_word' id='word_1_219' title='bbox 599 2766 809 2832; x_wconf 84' lang='lat' dir='ltr'><strong>labori,</strong></span> <span class='ocrx_word' id='word_1_220' title='bbox 844 2766 1219 2828; x_wconf 74' lang='lat' dir='ltr'><strong>innocentiae,</strong></span> <span class='ocrx_word' id='word_1_221' title='bbox 1262 2765 1526 2828; x_wconf 85' lang='lat' dir='ltr'><strong>perieulis</strong></span> <span class='ocrx_word' id='word_1_222' title='bbox 1561 2768 1728 2818; x_wconf 82' lang='lat' dir='ltr'><strong>etiam</strong></span> <span class='ocrx_word' id='word_1_223' title='bbox 1761 2767 1924 2824; x_wconf 77' lang='lat' dir='ltr'><strong>meis,</strong></span> <span class='ocrx_word' id='word_1_224' title='bbox 1961 2769 2220 2829; x_wconf 77' lang='lat' dir='ltr'><strong>quoniam</strong></span> <span class='ocrx_word' id='word_1_225' title='bbox 2257 2783 2360 2832; x_wconf 84' lang='lat' dir='ltr'><strong>per</strong></span> 
     </span>
     <span class='ocr_line' id='line_1_29' title="bbox 599 2855 2357 2919; baseline 0 -11"><span class='ocrx_word' id='word_1_226' title='bbox 599 2855 739 2908; x_wconf 76' lang='lat' dir='ltr'><strong>haee</strong></span> <span class='ocrx_word' id='word_1_227' title='bbox 772 2856 929 2907; x_wconf 85' lang='lat' dir='ltr'><strong>illum</strong></span> <span class='ocrx_word' id='word_1_228' title='bbox 964 2856 1105 2918; x_wconf 84' lang='lat' dir='ltr'><strong>oepi.</strong></span> <span class='ocrx_word' id='word_1_229' title='bbox 1176 2856 1384 2908; x_wconf 86' lang='lat' dir='ltr'><strong>Verum</strong></span> <span class='ocrx_word' id='word_1_230' title='bbox 1417 2855 1660 2906; x_wconf 74' lang='lat' dir='ltr'><strong>homines</strong></span> <span class='ocrx_word' id='word_1_231' title='bbox 1691 2857 1940 2918; x_wconf 84' lang='lat' dir='ltr'><strong>conrupti</strong></span> <span class='ocrx_word' id='word_1_232' title='bbox 1975 2857 2238 2919; x_wconf 79' lang='lat' dir='ltr'><strong>superbia</strong></span> <span class='ocrx_word' id='word_1_233' title='bbox 2273 2861 2357 2910; x_wconf 82' lang='lat' dir='ltr'><strong>ita</strong></span> 
     </span>
    </p>
   </div>
   <div class='ocr_carea' id='block_1_3' title="bbox 603 3007 988 3020">
    <p class='ocr_par' dir='ltr' id='par_1_3' title="bbox 603 3007 988 3020">
     <span class='ocr_line' id='line_1_30' title="bbox 603 3007 988 3020; baseline 0 0"><span class='ocrx_word' id='word_1_234' title='bbox 603 3007 988 3020; x_wconf 95' lang='lat' dir='ltr'><strong> </strong></span> 
     </span>
    </p>
   </div>
   <div class='ocr_carea' id='block_1_4' title="bbox 598 3109 2364 3368">
    <p class='ocr_par' dir='ltr' id='par_1_4' title="bbox 598 3109 2364 3368">
     <span class='ocr_line' id='line_1_31' title="bbox 696 3109 2364 3166; baseline 0.002 -16"><span class='ocrx_word' id='word_1_235' title='bbox 696 3112 737 3150; x_wconf 78' lang='grc'><strong>8.</strong></span> <span class='ocrx_word' id='word_1_236' title='bbox 766 3109 1063 3161; x_wconf 71' lang='lat' dir='ltr'><strong>imperatorem]</strong></span> <span class='ocrx_word' id='word_1_237' title='bbox 1088 3110 1221 3151; x_wconf 77' lang='lat' dir='ltr'><strong>Vatio.</strong></span> <span class='ocrx_word' id='word_1_238' title='bbox 1236 3110 1290 3150; x_wconf 77' lang='lat' dir='ltr'><strong>K.</strong></span> <span class='ocrx_word' id='word_1_239' title='bbox 1320 3111 1518 3161; x_wconf 65' lang='lat' dir='ltr'><strong>impera-e</strong></span> <span class='ocrx_word' id='word_1_240' title='bbox 1542 3111 1592 3152; x_wconf 86' lang='lat' dir='ltr'><strong>V.</strong></span> <span class='ocrx_word' id='word_1_241' title='bbox 1608 3112 1660 3153; x_wconf 80' lang='lat' dir='ltr'><strong>G.</strong></span> <span class='ocrx_word' id='word_1_242' title='bbox 1679 3133 1726 3144; x_wconf 88' lang='lat'><em>-</em></span> <span class='ocrx_word' id='word_1_243' title='bbox 1751 3124 1788 3150; x_wconf 77' lang='lat' dir='ltr'><em>u</em></span> <span class='ocrx_word' id='word_1_244' title='bbox 1813 3111 1932 3164; x_wconf 62' lang='lat' dir='ltr'><em>[eche]</em></span> <span class='ocrx_word' id='word_1_245' title='bbox 1959 3111 2007 3151; x_wconf 75' lang='lat' dir='ltr'><strong>G.</strong></span> <span class='ocrx_word' id='word_1_246' title='bbox 2026 3134 2068 3143; x_wconf 96' lang='lat'>—</span> <span class='ocrx_word' id='word_1_247' title='bbox 2098 3113 2159 3153; x_wconf 68' lang='lat'><strong>18.</strong></span> <span class='ocrx_word' id='word_1_248' title='bbox 2189 3117 2364 3166; x_wconf 68' lang='lat' dir='ltr'><strong>,qa-ere}</strong></span> 
     </span>
     <span class='ocr_line' id='line_1_32' title="bbox 598 3178 2364 3232; baseline 0.002 -12"><span class='ocrx_word' id='word_1_249' title='bbox 598 3180 729 3228; x_wconf 61' lang='lat' dir='ltr'><strong>coya-o</strong></span> <span class='ocrx_word' id='word_1_250' title='bbox 750 3179 804 3220; x_wconf 82' lang='lat' dir='ltr'><strong>V.</strong></span> <span class='ocrx_word' id='word_1_251' title='bbox 834 3201 877 3210; x_wconf 91' lang='lat'>—</span> <span class='ocrx_word' id='word_1_252' title='bbox 930 3179 990 3220; x_wconf 77' lang='lat' dir='ltr'><strong>u.</strong></span> <span class='ocrx_word' id='word_1_253' title='bbox 1016 3191 1079 3218; x_wconf 70' lang='lat' dir='ltr'><strong>me</strong></span> <span class='ocrx_word' id='word_1_254' title='bbox 1101 3178 1296 3220; x_wconf 72' lang='grc' dir='ltr'>Ιιοηιίιιαη</span> <span class='ocrx_word' id='word_1_255' title='bbox 1317 3191 1458 3218; x_wconf 71' lang='lat' dir='ltr'><strong>noem</strong></span> <span class='ocrx_word' id='word_1_256' title='bbox 1481 3191 1570 3218; x_wconf 67' lang='lat' dir='ltr'><strong>cm</strong></span> <span class='ocrx_word' id='word_1_257' title='bbox 1593 3181 1752 3220; x_wconf 62' lang='lat' dir='ltr'><strong>illorum</strong></span> <span class='ocrx_word' id='word_1_258' title='bbox 1774 3179 1959 3228; x_wconf 68' lang='grc' dir='ltr'>ειφστόἰα</span> <span class='ocrx_word' id='word_1_259' title='bbox 1985 3180 2033 3221; x_wconf 76' lang='lat' dir='ltr'><strong>V.</strong></span> <span class='ocrx_word' id='word_1_260' title='bbox 2059 3203 2107 3214; x_wconf 90' lang='lat'>-</span> <span class='ocrx_word' id='word_1_261' title='bbox 2157 3183 2224 3222; x_wconf 72' lang='lat'><strong>15.</strong></span> <span class='ocrx_word' id='word_1_262' title='bbox 2250 3197 2364 3232; x_wconf 70' lang='lat' dir='ltr'><strong>par·</strong></span> 
     </span>
     <span class='ocr_line' id='line_1_33' title="bbox 598 3246 2360 3301; baseline 0.003 -13"><span class='ocrx_word' id='word_1_263' title='bbox 598 3250 671 3288; x_wconf 70' lang='grc' dir='ltr'>εἰει</span> <span class='ocrx_word' id='word_1_264' title='bbox 695 3246 873 3288; x_wconf 70' lang='lat' dir='ltr'><strong>conius.</strong></span> <span class='ocrx_word' id='word_1_265' title='bbox 899 3247 1051 3286; x_wconf 75' lang='lat' dir='ltr'><strong>Kritzii</strong></span> <span class='ocrx_word' id='word_1_266' title='bbox 1074 3247 1305 3300; x_wconf 56' lang='lat' dir='ltr'><strong>*noth-1⁸.</strong></span> <span class='ocrx_word' id='word_1_267' title='bbox 1335 3270 1374 3284; x_wconf 64' lang='grc' dir='ltr'><strong>-ο</strong></span> <span class='ocrx_word' id='word_1_268' title='bbox 1432 3249 1494 3290; x_wconf 81' lang='lat'><strong>16.</strong></span> <span class='ocrx_word' id='word_1_269' title='bbox 1531 3248 1660 3290; x_wconf 69' lang='lat' dir='ltr'><strong>didici</strong></span> <span class='ocrx_word' id='word_1_270' title='bbox 1681 3248 1890 3290; x_wconf 65' lang='lat' dir='ltr'><strong>mutando</strong></span> <span class='ocrx_word' id='word_1_271' title='bbox 1913 3249 1966 3290; x_wconf 87' lang='lat' dir='ltr'><strong>V.</strong></span> <span class='ocrx_word' id='word_1_272' title='bbox 1995 3271 2042 3282; x_wconf 91' lang='lat'><em>-</em></span> <span class='ocrx_word' id='word_1_273' title='bbox 2091 3251 2155 3292; x_wconf 73' lang='lat' dir='ltr'><strong>u.</strong></span> <span class='ocrx_word' id='word_1_274' title='bbox 2183 3263 2360 3301; x_wconf 57' lang='grc' dir='ltr'>,κει-ο-</span> 
     </span>
     <span class='ocr_line' id='line_1_34' title="bbox 599 3314 2124 3368; baseline 0.002 -11"><span class='ocrx_word' id='word_1_275' title='bbox 599 3329 685 3358; x_wconf 69' lang='lat' dir='ltr'><strong>sun</strong></span> <span class='ocrx_word' id='word_1_276' title='bbox 708 3327 803 3357; x_wconf 71' lang='lat' dir='ltr'><strong>esu.</strong></span> <span class='ocrx_word' id='word_1_277' title='bbox 855 3314 921 3356; x_wconf 74' lang='lat' dir='ltr'><strong>Ae</strong></span> <span class='ocrx_word' id='word_1_278' title='bbox 943 3315 993 3356; x_wconf 84' lang='lat' dir='ltr'><strong>V.</strong></span> <span class='ocrx_word' id='word_1_279' title='bbox 1024 3337 1071 3348; x_wconf 89' lang='lat'><em>-</em></span> <span class='ocrx_word' id='word_1_280' title='bbox 1119 3317 1183 3358; x_wconf 74' lang='lat'><strong>24,</strong></span> <span class='ocrx_word' id='word_1_281' title='bbox 1212 3317 1437 3368; x_wconf 66' lang='lat' dir='ltr'><strong>despiciunt</strong></span> <span class='ocrx_word' id='word_1_282' title='bbox 1457 3330 1520 3358; x_wconf 74' lang='lat' dir='ltr'><strong>su</strong></span> <span class='ocrx_word' id='word_1_283' title='bbox 1545 3318 1598 3360; x_wconf 79' lang='lat' dir='ltr'><strong>V.</strong></span> <span class='ocrx_word' id='word_1_284' title='bbox 1627 3341 1672 3352; x_wconf 91' lang='lat'><em>-</em></span> <span class='ocrx_word' id='word_1_285' title='bbox 1719 3318 1784 3360; x_wconf 66' lang='lat'><strong>2⁶.</strong></span> <span class='ocrx_word' id='word_1_286' title='bbox 1807 3315 1968 3368; x_wconf 68' lang='lat' dir='ltr'><strong>faciant</strong></span> <span class='ocrx_word' id='word_1_287' title='bbox 1993 3318 2042 3359; x_wconf 84' lang='lat' dir='ltr'><strong>V.</strong></span> <span class='ocrx_word' id='word_1_288' title='bbox 2067 3319 2124 3364; x_wconf 71' lang='lat' dir='ltr'><strong>K.</strong></span> 
     </span>
    </p>
   </div>
   <div class='ocr_carea' id='block_1_5' title="bbox 2490 1489 2498 2036">
    <p class='ocr_par' dir='ltr' id='par_1_5' title="bbox 2490 1489 2498 2036">
     <span class='ocr_line' id='line_1_35' title="bbox 2490 1489 2498 2036; baseline 0 0"><span class='ocrx_word' id='word_1_289' title='bbox 2490 1489 2498 2036; x_wconf 95' lang='lat' dir='ltr'><strong> </strong></span> 
     </span>
    </p>
   </div>
  </div>
 </body>
</html>
