2525 3925
565 270 638 319 56
1071 262 1130 317 C.
1169 265 1471 318 SALUsn
1508 259 1734 317 ciusm

567 427 667 480 per
701 414 992 465 latrocinia
1027 414 1206 477 potius
1241 425 1401 476 quam
1453 414 1609 463 bonis
1644 413 1853 463 artibus
1886 414 1957 463 ad
1990 414 2241 476 imperia
2274 418 2340 465 et

569 505 803 555 bonores
837 506 1104 567 nituntur;
1159 502 1385 565 proinde
1426 505 1583 566 quasi
1618 506 1873 563 praetura
1908 504 1965 551 et
1996 504 2339 555 consulatus

569 597 736 657 atque
792 592 904 642 alia
956 594 1142 642 omnia
1193 589 1563 641 huiuscemodi
1614 604 1711 653 per
1764 605 1827 641 se
1879 593 1999 653 ipsa
2050 593 2215 642 clara
2276 600 2341 644 et

569 684 858 747 magnifica
904 683 1043 744 sint,
1097 694 1162 729 ac
1205 692 1315 730 non
1349 680 1577 742 perinde
1622 681 1951 746 habeantur,
1998 681 2057 730 ut
2112 694 2334 749 eorum,

527 773 669 837 5qui
701 784 769 821 ea
799 773 1089 836 sustinent,
1124 772 1299 819 virtus
1325 774 1423 819 est.
1476 771 1685 819 Verum
1721 782 1824 833 ego
1859 769 2089 820 liberius
2120 770 2335 820 altius-

571 874 674 925 que
709 862 973 923 processi‚
1011 862 1134 908 dum
1173 870 1260 908 me
1302 860 1543 907 civitatis
1580 869 1785 907 morum
1820 860 1973 922 piget
1996 859 2333 922 taedetque3

569 950 714 1001 nnnc
749 948 818 999 ad
852 949 1128 1008 inceptum
1163 947 1346 997 redeo.

673 1038 728 1085 5.
779 1035 990 1087 Bellum
1033 1037 1339 1097 scripturus
1390 1048 1503 1085 sum
1526 1068 1542 1101 ,
1596 1036 1737 1097 quod
1771 1036 2003 1097 populus
2038 1037 2329 1087 Romanus

571 1136 694 1176 cum
741 1126 1004 1188 Iugurtha
1055 1136 1186 1187 rege
1235 1124 1591 1175 Numidarum
1644 1126 1817 1186 gessit
1827 1138 1847 1187 3
1897 1127 2134 1186 primum
2190 1127 2331 1187 quia

495 1218 826 1277 10magnum
861 1218 919 1263 et
959 1215 1121 1263 atrox
1152 1214 1416 1275 variaque
1451 1212 1689 1263 victoria
1724 1214 1845 1276 fuit,
1882 1214 2006 1262 dein
2032 1214 2165 1275 quia
2190 1218 2327 1266 tnnc

569 1304 798 1366 primum
843 1302 1132 1363 superbiae
1183 1300 1487 1351 nobilitatis
1541 1302 1763 1353 obviam
1814 1303 1952 1350 itum
2006 1306 2091 1351 est
2101 1316 2121 1365 3
2178 1312 2325 1364 quae

569 1392 845 1441 contentio
892 1390 1078 1439 divina
1129 1394 1187 1439 et
1238 1390 1475 1439 humana
1529 1392 1727 1439 cuncta
1774 1391 2093 1452 permiscuit
2142 1402 2323 1455 eoque

572 1478 864 1529 vecordiae
911 1480 1214 1544 processit,
1266 1479 1347 1526 uti
1394 1479 1587 1527 studiis
1625 1478 1879 1529 civilibus
1913 1478 2112 1528 bellu-m
2150 1484 2321 1543 atque

571 1568 806 1617 vastitas
844 1567 1038 1617 Italiae
1087 1566 1248 1618 finem
1303 1567 1528 1617 faceret.
1601 1567 1708 1617 Sed
1760 1568 2079 1629 priusquam
2127 1568 2318 1619 huius-

497 1659 560 1711 15
577 1657 792 1707 cemodi
825 1658 908 1707 rei
940 1658 1156 1705 initium
1193 1655 1457 1723 expedio,
1492 1668 1669 1718 pauca
1704 1669 1875 1718 supra
1908 1660 2175 1722 repetam,
2212 1670 2319 1720 quo

571 1748 643 1796 ad
681 1747 1120 1810 cognoscendum
1157 1746 1343 1796 omnia
1390 1744 1643 1795 inlustria
1696 1747 1874 1807 magis
1926 1748 2216 1808 magisque
2266 1749 2321 1797 in

571 1838 764 1898 aperto
799 1837 926 1885 sint.
997 1835 1154 1886 Bello
1190 1835 1397 1885 Punico
1444 1835 1685 1884 seeundo
1705 1869 1721 1901 ,
1782 1846 1889 1896 quo
1934 1834 2044 1883 dux
2079 1835 2321 1885 Kartha-

571 1925 896 1986 giniensium
921 1924 1193 1976 Hannibal
1227 1926 1351 1986 post
1382 1924 1803 1988 magnitudinem
1834 1923 2065 1974 nominis
2088 1924 2320 1976 Romani

545 2011 770 2061 ‚Italiae
803 2025 934 2074 opes
975 2025 1231 2062 maxume
1265 2012 1599 2076 adtriverat,
1651 2013 1947 2062 Masinissa
1988 2024 2089 2062 rex
2121 2013 2176 2062 N
2180 2017 2322 2064 umi-

406 2168 415 2179 ·
495 2103 564 2156 20
577 2100 789 2167 darum,
820 2102 878 2150 in
913 2101 1207 2169 amicitiam
1237 2105 1493 2163 receptus
1526 2113 1561 2151 a
1584 2101 1641 2149 P.
1662 2101 1935 2168 Scipione,
1968 2103 2097 2164 quoi
2130 2107 2323 2164 postea

571 2188 838 2240 Africano
875 2201 1180 2252 cognomen
1217 2201 1287 2238 ex
1319 2191 1525 2238 virtute
1560 2191 1699 2250 fuit,
1734 2189 1905 2239 multa
1938 2192 1993 2239 et
2030 2191 2323 2251 praeclara

571 2280 656 2330 rei
689 2274 942 2327 militaris
982 2279 1234 2328 facinora
1277 2278 1518 2342 fecerat3
1576 2279 1645 2329 ob
1691 2291 1829 2341 quae
1876 2279 2045 2329 vietis
2082 2277 2323 2331 Kartha-

571 2368 912 2432 giniensibus
946 2369 1002 2416 et
1037 2369 1198 2430 capto
1223 2367 1499 2436 Syphace,
1534 2369 1725 2430 quoius
1758 2367 1816 2415 in
1840 2368 2033 2418 Africa
2068 2381 2323 2434 magnum

573 2460 744 2518 atque
796 2455 912 2505 late
953 2457 1237 2518 imperium
1288 2457 1489 2518 valuit,
1545 2455 1777 2519 populus
1825 2458 2109 2506 Romanus
2150 2471 2324 2520 quas-

495 2548 564 2602 25
579 2555 793 2608 cunque
827 2545 975 2596 urbis
1014 2549 1070 2596 et
1107 2559 1274 2610 agros
1312 2559 1473 2596 manu
1507 2549 1765 2612 ceperat,
1816 2547 1939 2610 regi
1978 2545 2119 2596 dono
2154 2549 2321 2600 dedit.

573 2634 751 2698 Igitur
801 2636 1048 2685 amicitia
1095 2636 1421 2684 Masinissae
1480 2635 1623 2684 bona
1672 2637 1839 2697 atque
1886 2630 2112 2685 honesta
2160 2639 2323 2688 nobis

571 2725 886 2785 permansit.
955 2722 1066 2774 Sed
1115 2724 1311 2784 imperi
1356 2725 1615 2786 vitaeque
1664 2725 1783 2773 eius
1834 2724 1957 2774 finis
2006 2723 2150 2774 idem
2198 2727 2322 2776 fuit.

574 2811 716 2862 Dein
749 2813 983 2875 Micipsa
1016 2811 1162 2861 filius
1196 2823 1425 2876 regnum
1460 2812 1611 2862 solus
1640 2814 1904 2879 obtinuit,
1940 2815 2324 2866 Mastanabale

573 2901 632 2948 et
668 2899 910 2950 Gulussa
942 2901 1204 2952 frain-ibus
1237 2903 1427 2952 morbo
1475 2901 1786 2962 absumptis.
1857 2904 1913 2952 Is
1955 2902 2325 2955 Adherbalem

675 3128 738 3168 1⁰.
777 3133 858 3166 mm
883 3131 934 3168 V.
968 3154 1006 3161 -
1062 3132 1123 3170 13.
1161 3137 1204 3168 ut
1228 3132 1277 3170 V.
1313 3156 1351 3164 -
1410 3133 1467 3172 15.
1506 3132 1713 3180 expediam
1750 3133 1799 3170 V.
1830 3153 1877 3160 —-
1932 3133 1987 3172 ¹7.
2026 3134 2323 3182 Carthaginen-

576 3197 678 3238 dum
714 3196 766 3236 V.
795 3217 838 3230 -·
887 3198 950 3237 21.
989 3209 1196 3247 commen
1229 3198 1431 3248 Arriam»
1470 3201 1521 3238 V.
1548 3219 1597 3230 «-
1656 3202 1719 3240 23.
1764 3199 1917 3250 δαΐα-ε
1954 3204 2003 3241 G.
2038 3225 2077 3234 -
2131 3204 2193 3242 2⁷.
2238 3216 2323 3244 om.

578 3265 662 3306 Sed
683 3265 734 3306 K.
764 3285 812 3294 --
863 3267 925 3306 28.
957 3267 1115 3306 mindo
1138 3269 1190 3308 V.
1220 3268 1272 3308 Κ.
1298 3289 1343 3298 -
1396 3269 1683 3308 Mammiae
1704 3269 1754 3309 V.
