2525 3925
517 298 628 351 2³72
1053 296 1423 351 maronam
1456 296 1517 347 Τ.
1552 298 1736 349 mvn

515 446 642 495 stim
679 444 1148 505 trsnsportsretsr
1187 446 1463 493 exercitus
1476 476 1492 509 ,
1544 442 1687 506 quod
1722 442 1779 491 Ρ.
1818 439 2112 492 Cornelius
2142 443 2267 493 Na·

515 534 636 583 sica
669 532 885 582 dicebat
917 532 1156 581 nondum
1209 533 1315 581 sibi
1364 533 1566 581 iustam
1616 542 1836 581 causam
1884 529 2017 581 belli
2066 533 2267 594 videri,

514 620 749 687 placuit,
799 624 864 669 ut
899 620 1044 671 bello
1079 622 1451 686 abstinerent,
1498 622 1548 669 si
1582 620 2075 683 Karthaginienses
2116 614 2335 671 clas-⁶⁰⁵

519 720 630 759 sem
671 710 1009 759 exussissent
1061 713 1118 758 et
1161 710 1459 759 exercitum
1514 709 1883 759 dimisissent:
1940 710 2028 759 sin
2070 710 2270 775 minus,

473 800 504 851 5
521 800 750 861 proximi
787 797 1040 848 consules
1065 798 1132 847 de
1156 798 1359 847 Punico
1395 797 1539 847 beilo
1574 797 1861 847 referrent.
1932 794 2073 845 Cum
2110 798 2271 847 loea-

518 890 630 937 tum
681 900 716 937 a
769 888 1080 937 censoribus
1131 886 1401 935 theatrum
1446 886 1853 949 exstrueretur,
1905 887 1964 934 P.
2004 884 2267 935 Cornelio

514 976 720 1026 Nasica
767 978 992 1027 auctore
1029 980 1299 1035 tamquam
1340 974 1535 1023 inutile
1572 976 1631 1023 et
1664 974 1975 1023 nociturum
2025 974 2269 1035 publicis

513 1066 754 1115 moribus
790 1076 859 1112 ex
893 1067 1118 1112 senatus
1157 1063 1409 1111 consulto
1458 1064 1793 1113 destructum
1828 1064 1939 1125 est,
1996 1062 2267 1124 populus-

518 1163 622 1214 que
657 1132 985 1213 aliquamdiu
1019 1154 1170 1200 stans
1207 1150 1365 1200 ludos
1410 1152 1700 1213 spectavit.
1772 1151 2268 1213 Karthaginienses

441 1240 506 1293 1ο
518 1250 642 1288 eum
699 1240 962 1289 adversus
1023 1240 1221 1288 foedus
1286 1239 1487 1289 bellum
1542 1240 1867 1290 Masi-nissae
1922 1238 2265 1301 intulissent,

513 1328 650 1377 victi
685 1328 752 1377 ab
785 1339 852 1376 eo
889 1338 1062 1377 annos
1098 1328 1331 1377 habente
1362 1329 1659 1392 nonaginta
1692 1328 1847 1390 duos,
1884 1330 1942 1377 et
1978 1328 2105 1377 sine
2138 1327 2265 1390 pu}-

511 1418 726 1479 pamine
765 1416 1019 1465 mandere
1053 1418 1108 1465 et
1143 1418 1371 1479 gustare
1402 1428 1595 1477 panem
1630 1419 1843 1467 tantum
1880 1414 2075 1482 solito,
2109 1416 2267 1467 insn-

515 1516 612 1568 per
645 1506 954 1556 Romanum
988 1504 1186 1555 bellum
1221 1508 1547 1555 meruerunt.

1145 1672 1377 1721 Liber
1426 1672 1615 1721 xmx.

444 1794 506 1845 15
625 1791 794 1841 Tertii
831 1790 1024 1840 Punici
1077 1788 1210 1839 belli
1261 1788 1474 1839 initium
1524 1788 1700 1839 altero
1753 1790 1809 1839 et
1856 1790 2333 1842 sexcentesimo&

513 1892 654 1929 anno
697 1880 764 1929 ab
803 1880 932 1930 urbe
971 1877 1206 1943 condita,
1244 1878 1390 1926 intra
1428 1878 1665 1939 quintum
1702 1888 1903 1927 annum
1942 1890 2107 1941 quam
2144 1882 2271 1930 erat

513 1969 792 2034 coeptum,
850 1969 1221 2018 consummati.
1292 1969 1442 2017 Inter
1487 1969 1561 2017 M.
1604 1966 1853 2017 Porcium
1894 1963 2157 2018 Catonem
2210 1973 2271 2019 et

513 2057 824 2118 Scipionem
859 2057 1130 2120 Nasicam,
1171 2067 1395 2118 quorum
1433 2055 1576 2107 alter
1608 2057 2041 2118 sapientissimus
2078 2059 2165 2106 vir
2200 2059 2265 2106 in

513 2145 738 2191 civitate
789 2143 1118 2206 habebatur,
1169 2143 1313 2192 alter
1358 2145 1519 2193 etiam
1569 2145 1659 2194 vir
1702 2145 1933 2205 optimus
1984 2157 2017 2194 a
2066 2148 2264 2195 senatu

433 2234 500 2287 20
515 2229 780 2280 iudicatus
816 2237 950 2288 erat,
994 2231 1227 2280 diversis
1272 2235 1534 2281 certatum
1576 2236 1859 2284 sententiis
1896 2236 1997 2297 est,
2046 2232 2265 2285 Catone

508 2318 770 2370 suadente
803 2319 1024 2382 beilum,
1063 2323 1118 2370 et
1143 2323 1200 2369 ut
1229 2319 1516 2371 tolleretur
1552 2321 1927 2384 delereturque
1952 2323 2263 2391 Karthago,

505 2406 710 2458 Nasica
747 2391 1111 2458 dissuadente.
1182 2403 1395 2459 Placuit
1436 2415 1649 2474 tamen,
1702 2409 1843 2472 quod
1892 2415 2089 2461 contra
2131 2413 2263 2462 foe-

507 2497 607 2548 dus
643 2509 814 2548 naves
851 2495 1146 2564 haberent,
1183 2497 1327 2560 quod
1365 2500 1669 2548 exercitum
1705 2502 1859 2548 extra
1894 2499 2027 2548 fines
2066 2501 2263 2550 duxis-

503 2591 655 2650 sent,
706 2581 850 2648 quod
894 2587 1045 2636 socio
1094 2585 1279 2649 popuii
1321 2571 1553 2634 Romani
1606 2588 1663 2635 et
1716 2589 1889 2636 amico
1924 2589 2263 2639 Masinissae

431 2675 496 2726 25
513 2687 662 2724 arma
695 2675 1040 2742 intulissent,
1089 2674 1230 2736 quod
1270 2673 1437 2722 filium
1476 2675 1593 2723 eius
1632 2673 1953 2741 Gulussam,
2003 2677 2097 2737 qui
2132 2689 2261 2726 cnm

505 2763 707 2826 legatis
743 2763 1007 2812 Romanis
1037 2766 1173 2827 erat,
1209 2763 1266 2810 in
1303 2763 1556 2824 oppidum
1592 2774 1701 2812 non
1736 2763 2095 2830 recepissent,
2134 2765 2263 2815 bel-

504 2849 613 2897 lum
652 2851 722 2898 iis
757 2851 940 2898 indici.
1013 2844 1339 2912 Priusquam'
1364 2849 1509 2900 ullae
1544 2851 1733 2912 copiae
1768 2853 1825 2900 in
1862 2862 2033 2901 naves
2069 2851 2261 2916 impo-

396 2919 400 2924 ’
505 2939 796 2998 nei-entur,
831 2939 1118 2988 Uticenses
1152 2937 1325 3002 legati
1356 2939 1584 2988 Romam
1619 2941 1911 3002 venerunt,
1948 2949 2009 2988 se
2044 2953 2261 3003 suaque

505 3023 685 3072 omnia
720 3022 992 3074 dedentes.
1063 3027 1143 3075 Ea
1185 3025 1393 3088 legatio
1445 3027 1616 3076 veluti
1666 3039 1828 3078 omen
1869 3030 2261 3091 grata-patri-

432 3113 498 3166 30
512 3112 638 3174 bus,
687 3113 885 3162 acerba
922 3115 1463 3178 Karthaginiensibus
1499 3114 1617 3164 fuit.
1686 3117 1801 3166 Diti
1835 3115 1978 3180 patri
2026 3114 2145 3165 ludi
2186 3119 2263 3169 ad

607 3282 668 3321 11.
711 3281 1048 3330 dnodenonaeyaua
1085 3283 1403 3332 Weasoiingiuu:
1448 3283 1693 3324 cros-ierim.

127 3566 1481 3846 ,nv-92
