2525 3925
643 317 937 373 numam
965 316 1484 371 mammarum.
1827 319 1937 371 153

182 475 371 529 neque
420 465 686 515 hominem
730 465 965 517 nobilem
1013 476 1121 516 non
1167 477 1272 516 sua
1314 466 1543 529 ignavia
1583 465 1683 515 sed
1719 464 1789 515 ob
1824 476 1939 516 rem

184 553 463 617 publicam
496 553 554 604 in
591 554 824 603 bostium
858 556 1132 615 potestate
1163 552 1420 605 relictum
1454 552 1579 601 iri.»

297 640 420 690 113.
489 642 642 693 Haec
675 643 901 691 Maurus
950 652 1135 691 secum
1168 641 1293 703 ipse
1329 639 1422 689 diu
1457 640 1690 691 volvens
1725 639 1942 692 tandem
2002 632 2009 639 ”

190 729 458 794 promisit,
498 733 741 779 ceterum
780 727 907 778 dolo
946 739 1017 777 an
1050 740 1185 778 vere
1222 730 1528 794 cunctatus,
1578 740 1774 791 parum
1808 740 1943 779 cou—

188 818 449 880 perimus.
518 816 627 867 Sed
662 815 985 879 plerumque
1031 817 1223 880 regiae
1269 815 1609 882 voluntates,
1660 820 1721 865 ut
1767 815 1983 873 vem-5

189 908 426 967 mentes,
456 906 541 976 sic
574 903 826 972 mobiles,
859 915 1027 967 saepe
1064 905 1216 965 ipsae
1250 904 1356 952 sibi
1387 904 1674 955 advorsae.
1744 905 1942 955 Postea

192 997 447 1054 tempore
484 994 541 1041 et
574 992 701 1042 loco
740 993 1053 1059 constituto,
1095 993 1152 1041 in
1192 991 1550 1055 conloquium
1583 993 1664 1041 uti
1699 990 1767 1041 de
1803 1002 1942 1054 pace

188 1081 495 1146 veniretur,
530 1079 777 1130 Bocchus
802 1079 1010 1129 Sullam
1044 1080 1222 1144 modo,
1257 1080 1422 1129 modo
1458 1077 1752 1141 Iugurthae
1782 1078 1942 1143 lega-

191 1172 313 1222 tum
338 1166 637 1231 adpellare,
674 1167 905 1229 benigne
939 1168 1159 1232 habere,
1192 1167 1342 1217 idem
1371 1167 1632 1217 ambobus
1669 1167 1941 1229 polliceri.

192 1253 294 1306 nli
326 1255 531 1316 pariter
576 1253 711 1305 laeti
747 1266 816 1304 ac
850 1255 972 1316 spei
1017 1254 1193 1305 bonae
1231 1254 1381 1317 pleni
1417 1266 1555 1306 esse.
1623 1256 1734 1306 Sed
1772 1259 1938 1305 nocte
1953 1258 2020 1313 10

193 1355 298 1406 ea,
344 1355 483 1405 quae
516 1354 792 1404 proxuma
824 1342 929 1392 fuit
964 1347 1091 1393 ante
1132 1344 1277 1392 diem
1313 1342 1607 1406 conloquio
1641 1344 1945 1409 decretum,

192 1432 425 1481 Maurus
459 1431 714 1481 adhibitis
749 1431 946 1481 amicis
986 1444 1055 1481 ac
1092 1434 1309 1496 statim,
1344 1432 1610 1483 inmutata
1639 1431 1944 1494 voluntate,

190 1520 448 1585 remotis,
484 1518 685 1568 dicitur
716 1530 906 1568 secum
939 1520 1055 1581 ipse
1079 1519 1255 1569 multa
1280 1520 1600 1586 agitavisse,
1631 1518 1790 1569 voltu
1815 1530 1945 1569 cor-

190 1606 348 1669 poris
385 1607 591 1669 pariter
628 1610 793 1669 atque
830 1608 1015 1656 animo
1048 1609 1268 1674 varius,
1304 1619 1442 1670 quae
1474 1607 1694 1658 scilicet
1726 1609 1944 1657 tacente

188 1695 317 1757 ipso
370 1694 590 1745 occulta
647 1695 889 1758 pectoris
944 1697 1293 1756 patefecisse.
1396 1697 1605 1746 Tamen
1660 1701 1940 1759 postremo
1954 1698 2018 1749 15

193 1781 417 1832 Sullam
450 1782 663 1832 accersi
697 1783 849 1833 iubet
892 1787 951 1832 et
985 1795 1055 1834 ex
1088 1784 1210 1833 cius
1242 1784 1517 1833 sententia
1547 1781 1821 1832 Numidae
1855 1782 1944 1831 iu-

192 1870 369 1920 sidias
408 1870 599 1921 tendit.
667 1871 894 1933 Deinde,
937 1871 1027 1920 ubi
1054 1870 1170 1920 dies
1204 1871 1430 1922 advenit
1464 1874 1521 1920 et
1557 1871 1610 1919 ei
1641 1872 1944 1920 nuntiatum

191 1959 285 2008 est
319 1958 633 2023 Iugurtham
679 1958 822 2009 haud
866 1959 1062 2022 procui
1094 1963 1320 2027 abesse,
1366 1972 1486 2010 cum
1522 1960 1714 2022 paucis
1749 1958 1945 2009 amicis

191 2049 255 2096 et
298 2048 589 2109 quaestore
626 2051 817 2098 nostro
853 2049 1008 2110 quasi
1046 2049 1241 2099 obvius
1291 2049 1511 2098 honoris
1547 2058 1716 2098 causa
1746 2057 1945 2111 proce-

195 2137 281 2185 dit
316 2135 372 2184 in
409 2133 674 2184 tumulum
708 2134 1049 2185 facillumum
1093 2137 1220 2186 visu
1266 2136 1663 2187 insidiantibus.
1733 2135 1937 2185 Eodem
1953 2136 2021 2188 20

191 2222 430 2274 Numida
464 2234 592 2272 cum
626 2220 904 2285 plerisque
940 2225 1270 2275 necessariis
1305 2224 1419 2274 suis
1451 2225 1705 2288 inermis,
1743 2226 1822 2273 uti
1858 2223 1945 2272 di-

195 2313 345 2360 ctum
370 2315 522 2376 erat,
556 2311 775 2361 accedit
808 2323 875 2361 ac
898 2312 1111 2375 statim,
1148 2314 1310 2377 signo
1335 2314 1494 2379 dato,
1530 2313 1763 2374 undique
1785 2309 1944 2362 simul

194 2411 269 2448 ex
296 2397 510 2446 insidiis
539 2398 833 2448 invaditur.
885 2397 1071 2449 Ceteri
1095 2399 1436 2464 obtruncat13
1472 2400 1736 2463 Iugurtha
1756 2396 1946 2448 Sullae

199 2486 425 2534 vinctus
461 2484 712 2550 traditur,
758 2489 815 2536 et
849 2487 919 2536 ab
956 2499 1026 2536 co
1058 2485 1128 2536 ad
1161 2487 1403 2536 Marium
1439 2487 1704 2537 deductus
1737 2490 1840 2536 est.

313 2569 436 2620 114.
505 2573 614 2623 Per
646 2572 789 2624 idem
823 2576 1031 2636 tempus
1063 2575 1356 2624 advorsum
1391 2572 1588 2625 Gallos
1617 2574 1687 2623 ab
1721 2572 2022 2627 ducibus25

197 2660 409 2711 nostris
456 2656 523 2724 Q.
570 2657 847 2724 Caepione
896 2664 977 2711 et·
1008 2660 1110 2712 Gn.
1157 2662 1368 2712 Manlio
1416 2661 1562 2712 male
1617 2662 1948 2725 pugnatum3

204 2760 318 2811 quo
366 2751 511 2798 metu
552 2749 720 2799 Italia
762 2751 941 2800 omnis
989 2749 1406 2802 contremuerat.
1476 2748 1676 2812 Illique
1721 2751 1780 2798 et
1823 2749 1950 2798 inde

200 2847 374 2897 usque
410 2837 480 2884 ad
518 2842 760 2887 nostram
791 2840 1107 2888 memoriam
1141 2839 1375 2889 Romani
1417 2839 1500 2888 sic
1534 2838 1793 2902 habuere,
1837 2834 1950 2887 alia

305 3084 343 3122 4.
372 3095 463 3122 vero
489 3084 539 3124 V.
569 3105 615 3113 —
656 3085 704 3123 1³
745 3083 926 3134 remotis]
952 3085 1070 3124 Fabr.
1099 3086 1135 3124 1.
1176 3085 1358 3134 Curtius,
1385 3085 1438 3124 R.
1471 3088 1630 3124 reum-'e
1654 3088 1796 3126 ceteris
1822 3093 1945 3126 oeten

204 3149 305 3189 libri
329 3153 429 3198 noti,
456 3151 507 3190 V.
538 3153 585 3190 G.
617 3175 659 3183 —
698 3152 858 3190 maeleim
883 3153 931 3190 V.
959 3153 1010 3192 G.
1038 3172 1087 3181 —-
1120 3152 1229 3192 volta
1242 3179 1258 3200 ,
1296 3155 1474 3202 corporee
1507 3158 1612 3191 notu
1639 3156 1797 3203 pau-iea-
1820 3154 1872 3194 V.
1902 3176 1945 3184 -

209 3219 272 3259 13.
295 3218 453 3257 occulta
475 3220 557 3257 oris
582 3221 850 3259 imatione
869 3220 1124 3272 patefecisse.
1138 3222 1190 3261 V.
1220 3243 1268 3252 -
1295 3221 1355 3260 16.
1386 3223 1578 3261 accersiri
1599 3222 1652 3262 V.
1679 3222 1733 3261 K.
1764 3243 1810 3253 -
1836 3221 1949 3271 eius]

207 3286 319 3326 iuius
344 3286 395 3326 V.
424 3307 473 3316 -·
504 3286 569 3326 20.
599 3288 725 3325 visan
749 3289 799 3326 V.
832 3309 879 3320 -
904 3289 966 3328 28.
994 3285 1102 3340 θυι]
1130 3289 1178 3328 G.
1206 3290 1254 3330 V.
1283 3312 1329 3322 -
1363 3289 1428 3330 ¹⁷.
1456 3288 1598 3340 Ibique
1621 3290 1672 3329 K.
1700 3290 1941 3328 coniectura.
