<?xml version="1.0" encoding="UTF-8"?>
<!DOCTYPE html PUBLIC "-//W3C//DTD XHTML 1.0 Transitional//EN"
    "http://www.w3.org/TR/xhtml1/DTD/xhtml1-transitional.dtd">
<html xmlns="http://www.w3.org/1999/xhtml" xml:lang="en" lang="en">
 <head>
  <title>
</title>
<meta http-equiv="Content-Type" content="text/html;charset=utf-8" />
  <meta name='ocr-system' content='tesseract 3.04.00' />
  <meta name='ocr-capabilities' content='ocr_page ocr_carea ocr_par ocr_line ocrx_word'/>
</head>
<body>
  <div class='ocr_page' id='page_1' title='image "./catilinaetiugur00livygoog_0023.png"; bbox 0 0 2525 3925; ppageno 0'>
   <div class='ocr_carea' id='block_1_1' title="bbox 891 309 1981 363">
    <p class='ocr_par' dir='ltr' id='par_1_1' title="bbox 891 309 1981 363">
     <span class='ocr_line' id='line_1_1' title="bbox 891 309 1981 363; baseline -0.001 -1"><span class='ocrx_word' id='word_1_1' title='bbox 891 309 1104 363; x_wconf 72' lang='lat' dir='ltr'><strong>OATiL</strong></span> <span class='ocrx_word' id='word_1_2' title='bbox 1116 312 1262 363; x_wconf 78' lang='lat' dir='ltr'><strong>1NA.</strong></span> <span class='ocrx_word' id='word_1_3' title='bbox 1944 314 1981 361; x_wconf 75' lang='lat'><strong>’7</strong></span> 
     </span>
    </p>
   </div>
   <div class='ocr_carea' id='block_1_2' title="bbox 223 458 2058 3087">
    <p class='ocr_par' dir='ltr' id='par_1_2' title="bbox 225 458 2055 1757">
     <span class='ocr_line' id='line_1_2' title="bbox 348 458 1979 527; baseline 0.002 -20"><span class='ocrx_word' id='word_1_4' title='bbox 348 461 400 511; x_wconf 81' lang='grc'><strong>9.</strong></span> <span class='ocrx_word' id='word_1_5' title='bbox 454 461 630 522; x_wconf 79' lang='lat' dir='ltr'><strong>Igitur</strong></span> <span class='ocrx_word' id='word_1_6' title='bbox 680 460 822 509; x_wconf 81' lang='lat' dir='ltr'><strong>domi</strong></span> <span class='ocrx_word' id='word_1_7' title='bbox 864 460 1195 523; x_wconf 82' lang='lat' dir='ltr'><strong>militiaeque</strong></span> <span class='ocrx_word' id='word_1_8' title='bbox 1242 459 1373 509; x_wconf 87' lang='lat' dir='ltr'><strong>boni</strong></span> <span class='ocrx_word' id='word_1_9' title='bbox 1416 470 1598 509; x_wconf 86' lang='lat' dir='ltr'><strong>mores</strong></span> <span class='ocrx_word' id='word_1_10' title='bbox 1644 458 1979 527; x_wconf 74' lang='lat' dir='ltr'><strong>colebantur,</strong></span> 
     </span>
     <span class='ocr_line' id='line_1_3' title="bbox 225 547 1980 623; baseline -0.001 -24"><span class='ocrx_word' id='word_1_11' title='bbox 225 547 534 599; x_wconf 81' lang='lat' dir='ltr'><strong>eoncordia</strong></span> <span class='ocrx_word' id='word_1_12' title='bbox 567 560 842 612; x_wconf 87' lang='lat' dir='ltr'><strong>maxuma,</strong></span> <span class='ocrx_word' id='word_1_13' title='bbox 879 550 1118 599; x_wconf 88' lang='lat' dir='ltr'><strong>minuma</strong></span> <span class='ocrx_word' id='word_1_14' title='bbox 1151 549 1393 598; x_wconf 86' lang='lat' dir='ltr'><strong>avaritia</strong></span> <span class='ocrx_word' id='word_1_15' title='bbox 1428 551 1580 614; x_wconf 84' lang='lat' dir='ltr'><strong>erat,</strong></span> <span class='ocrx_word' id='word_1_16' title='bbox 1630 550 1717 598; x_wconf 85' lang='lat' dir='ltr'><strong>ius</strong></span> <span class='ocrx_word' id='word_1_17' title='bbox 1751 549 1980 623; x_wconf 86' lang='lat' dir='ltr'><strong>bonum-</strong></span> 
     </span>
     <span class='ocr_line' id='line_1_4' title="bbox 227 635 1977 702; baseline -0.001 -17"><span class='ocrx_word' id='word_1_18' title='bbox 227 648 344 699; x_wconf 82' lang='lat' dir='ltr'><strong>que</strong></span> <span class='ocrx_word' id='word_1_19' title='bbox 381 635 523 699; x_wconf 84' lang='lat' dir='ltr'><strong>apud</strong></span> <span class='ocrx_word' id='word_1_20' title='bbox 557 648 652 685; x_wconf 83' lang='lat' dir='ltr'><strong>eos</strong></span> <span class='ocrx_word' id='word_1_21' title='bbox 687 649 793 686; x_wconf 88' lang='lat' dir='ltr'><strong>non</strong></span> <span class='ocrx_word' id='word_1_22' title='bbox 825 636 1042 701; x_wconf 88' lang='lat' dir='ltr'><strong>legibus</strong></span> <span class='ocrx_word' id='word_1_23' title='bbox 1077 639 1251 702; x_wconf 86' lang='lat' dir='ltr'><strong>magis</strong></span> <span class='ocrx_word' id='word_1_24' title='bbox 1300 648 1456 701; x_wconf 86' lang='lat' dir='ltr'><strong>quam</strong></span> <span class='ocrx_word' id='word_1_25' title='bbox 1504 638 1699 687; x_wconf 82' lang='lat' dir='ltr'><strong>natura</strong></span> <span class='ocrx_word' id='word_1_26' title='bbox 1742 635 1977 686; x_wconf 85' lang='lat' dir='ltr'><strong>valebat.</strong></span> 
     </span>
     <span class='ocr_line' id='line_1_5' title="bbox 227 723 2026 800; baseline -0.001 -27"><span class='ocrx_word' id='word_1_27' title='bbox 227 726 455 791; x_wconf 83' lang='lat' dir='ltr'><strong>Iurgia,</strong></span> <span class='ocrx_word' id='word_1_28' title='bbox 487 723 815 791; x_wconf 82' lang='lat' dir='ltr'><strong>discordias,</strong></span> <span class='ocrx_word' id='word_1_29' title='bbox 851 724 1159 800; x_wconf 76' lang='lat' dir='ltr'><strong>simultates</strong></span> <span class='ocrx_word' id='word_1_30' title='bbox 1195 737 1316 776; x_wconf 89' lang='lat' dir='ltr'><strong>cum</strong></span> <span class='ocrx_word' id='word_1_31' title='bbox 1350 724 1596 774; x_wconf 76' lang='lat' dir='ltr'><strong>hostibus</strong></span> <span class='ocrx_word' id='word_1_32' title='bbox 1632 724 1979 790; x_wconf 78' lang='lat' dir='ltr'><strong>exercebant,</strong></span> <span class='ocrx_word' id='word_1_33' title='bbox 2024 727 2026 729; x_wconf 77' lang='grc'>’</span> 
     </span>
     <span class='ocr_line' id='line_1_6' title="bbox 229 808 2018 875; baseline -0.001 -14"><span class='ocrx_word' id='word_1_34' title='bbox 229 813 392 862; x_wconf 87' lang='lat' dir='ltr'><strong>cives</strong></span> <span class='ocrx_word' id='word_1_35' title='bbox 427 824 548 862; x_wconf 87' lang='lat' dir='ltr'><strong>cum</strong></span> <span class='ocrx_word' id='word_1_36' title='bbox 596 814 808 863; x_wconf 85' lang='lat' dir='ltr'><strong>civibus</strong></span> <span class='ocrx_word' id='word_1_37' title='bbox 853 814 920 863; x_wconf 91' lang='lat' dir='ltr'><strong>de</strong></span> <span class='ocrx_word' id='word_1_38' title='bbox 966 816 1172 863; x_wconf 85' lang='lat' dir='ltr'><strong>virtute</strong></span> <span class='ocrx_word' id='word_1_39' title='bbox 1223 815 1539 875; x_wconf 81' lang='lat' dir='ltr'><strong>certabant3</strong></span> <span class='ocrx_word' id='word_1_40' title='bbox 1590 812 1650 862; x_wconf 87' lang='lat' dir='ltr'><strong>in</strong></span> <span class='ocrx_word' id='word_1_41' title='bbox 1693 808 2018 873; x_wconf 85' lang='lat' dir='ltr'><strong>suppliciis5</strong></span> 
     </span>
     <span class='ocr_line' id='line_1_7' title="bbox 227 897 1977 965; baseline -0.001 -16"><span class='ocrx_word' id='word_1_42' title='bbox 227 902 470 953; x_wconf 68' lang='lat' dir='ltr'><strong>deorum:</strong></span> <span class='ocrx_word' id='word_1_43' title='bbox 491 900 790 963; x_wconf 72' lang='lat' dir='ltr'><strong>magnifici,</strong></span> <span class='ocrx_word' id='word_1_44' title='bbox 841 900 982 951; x_wconf 85' lang='lat' dir='ltr'><strong>domi</strong></span> <span class='ocrx_word' id='word_1_45' title='bbox 1017 903 1198 965; x_wconf 87' lang='lat' dir='ltr'><strong>parci,</strong></span> <span class='ocrx_word' id='word_1_46' title='bbox 1244 903 1303 949; x_wconf 87' lang='lat' dir='ltr'><strong>in</strong></span> <span class='ocrx_word' id='word_1_47' title='bbox 1336 902 1541 951; x_wconf 87' lang='lat' dir='ltr'><strong>amicos</strong></span> <span class='ocrx_word' id='word_1_48' title='bbox 1575 897 1767 949; x_wconf 84' lang='lat' dir='ltr'><strong>fideles</strong></span> <span class='ocrx_word' id='word_1_49' title='bbox 1802 903 1977 949; x_wconf 88' lang='lat' dir='ltr'><strong>erant.</strong></span> 
     </span>
     <span class='ocr_line' id='line_1_8' title="bbox 227 988 2015 1053; baseline -0.001 -16"><span class='ocrx_word' id='word_1_50' title='bbox 227 989 456 1039; x_wconf 81' lang='lat' dir='ltr'><strong>Duabus</strong></span> <span class='ocrx_word' id='word_1_51' title='bbox 491 989 574 1038; x_wconf 79' lang='lat' dir='ltr'><strong>bis</strong></span> <span class='ocrx_word' id='word_1_52' title='bbox 605 990 830 1053; x_wconf 86' lang='lat' dir='ltr'><strong>artibus,</strong></span> <span class='ocrx_word' id='word_1_53' title='bbox 863 990 1094 1039; x_wconf 87' lang='lat' dir='ltr'><strong>audacia</strong></span> <span class='ocrx_word' id='word_1_54' title='bbox 1127 991 1182 1037; x_wconf 87' lang='lat' dir='ltr'><strong>in</strong></span> <span class='ocrx_word' id='word_1_55' title='bbox 1221 989 1385 1053; x_wconf 87' lang='lat' dir='ltr'><strong>bello,</strong></span> <span class='ocrx_word' id='word_1_56' title='bbox 1424 988 1516 1041; x_wconf 87' lang='lat' dir='ltr'><strong>ubi</strong></span> <span class='ocrx_word' id='word_1_57' title='bbox 1549 1000 1659 1051; x_wconf 86' lang='lat' dir='ltr'><strong>pax</strong></span> <span class='ocrx_word' id='word_1_58' title='bbox 1696 990 1979 1052; x_wconf 84' lang='lat' dir='ltr'><strong>evenerat,</strong></span> <span class='ocrx_word' id='word_1_59' title='bbox 2008 1016 2015 1022; x_wconf 89' lang='lat'>-</span> 
     </span>
     <span class='ocr_line' id='line_1_9' title="bbox 231 1072 1978 1139; baseline -0.002 -12"><span class='ocrx_word' id='word_1_60' title='bbox 231 1078 516 1139; x_wconf 82' lang='lat' dir='ltr'><strong>aequitate</strong></span> <span class='ocrx_word' id='word_1_61' title='bbox 567 1088 734 1138; x_wconf 85' lang='lat' dir='ltr'><strong>seque</strong></span> <span class='ocrx_word' id='word_1_62' title='bbox 781 1086 1006 1139; x_wconf 85' lang='lat' dir='ltr'><strong>remque</strong></span> <span class='ocrx_word' id='word_1_63' title='bbox 1060 1077 1330 1139; x_wconf 87' lang='lat' dir='ltr'><strong>publicam</strong></span> <span class='ocrx_word' id='word_1_64' title='bbox 1388 1079 1667 1127; x_wconf 78' lang='lat' dir='ltr'><strong>curabant.</strong></span> <span class='ocrx_word' id='word_1_65' title='bbox 1738 1072 1978 1139; x_wconf 80' lang='lat' dir='ltr'><strong>Quarum</strong></span> 
     </span>
     <span class='ocr_line' id='line_1_10' title="bbox 227 1161 1979 1229; baseline -0.003 -14"><span class='ocrx_word' id='word_1_66' title='bbox 227 1177 414 1215; x_wconf 89' lang='lat' dir='ltr'><strong>rerum</strong></span> <span class='ocrx_word' id='word_1_67' title='bbox 462 1177 567 1227; x_wconf 88' lang='lat' dir='ltr'><strong>ego</strong></span> <span class='ocrx_word' id='word_1_68' title='bbox 615 1178 864 1215; x_wconf 87' lang='lat' dir='ltr'><strong>maxuma</strong></span> <span class='ocrx_word' id='word_1_69' title='bbox 916 1165 1239 1216; x_wconf 84' lang='lat' dir='ltr'><strong>documenta</strong></span> <span class='ocrx_word' id='word_1_70' title='bbox 1289 1164 1425 1215; x_wconf 74' lang='lat' dir='ltr'><strong>baec</strong></span> <span class='ocrx_word' id='word_1_71' title='bbox 1476 1162 1674 1229; x_wconf 85' lang='lat' dir='ltr'><strong>habeo,</strong></span> <span class='ocrx_word' id='word_1_72' title='bbox 1733 1161 1875 1226; x_wconf 88' lang='lat' dir='ltr'><strong>quod</strong></span> <span class='ocrx_word' id='word_1_73' title='bbox 1919 1163 1979 1211; x_wconf 87' lang='lat' dir='ltr'><strong>in</strong></span> 
     </span>
     <span class='ocr_line' id='line_1_11' title="bbox 230 1252 2055 1317; baseline 0.001 -15"><span class='ocrx_word' id='word_1_74' title='bbox 230 1252 381 1303; x_wconf 82' lang='lat' dir='ltr'><strong>bello</strong></span> <span class='ocrx_word' id='word_1_75' title='bbox 433 1255 652 1315; x_wconf 85' lang='lat' dir='ltr'><strong>saepius</strong></span> <span class='ocrx_word' id='word_1_76' title='bbox 699 1253 1030 1305; x_wconf 85' lang='lat' dir='ltr'><strong>vindicatum</strong></span> <span class='ocrx_word' id='word_1_77' title='bbox 1076 1259 1163 1303; x_wconf 90' lang='lat' dir='ltr'><strong>est</strong></span> <span class='ocrx_word' id='word_1_78' title='bbox 1209 1256 1268 1302; x_wconf 86' lang='lat' dir='ltr'><strong>in</strong></span> <span class='ocrx_word' id='word_1_79' title='bbox 1312 1266 1435 1317; x_wconf 85' lang='lat' dir='ltr'><strong>eos,</strong></span> <span class='ocrx_word' id='word_1_80' title='bbox 1490 1254 1583 1315; x_wconf 84' lang='lat' dir='ltr'><strong>qui</strong></span> <span class='ocrx_word' id='word_1_81' title='bbox 1630 1256 1825 1302; x_wconf 88' lang='lat' dir='ltr'><strong>contra</strong></span> <span class='ocrx_word' id='word_1_82' title='bbox 1869 1252 1974 1300; x_wconf 89' lang='lat' dir='ltr'><strong>im·-</strong></span> <span class='ocrx_word' id='word_1_83' title='bbox 1988 1252 2055 1303; x_wconf 82' lang='lat'><strong>10</strong></span> 
     </span>
     <span class='ocr_line' id='line_1_12' title="bbox 231 1339 1981 1407; baseline -0.002 -16"><span class='ocrx_word' id='word_1_84' title='bbox 231 1343 442 1403; x_wconf 84' lang='lat' dir='ltr'><strong>perium</strong></span> <span class='ocrx_word' id='word_1_85' title='bbox 475 1343 533 1389; x_wconf 88' lang='lat' dir='ltr'><strong>in</strong></span> <span class='ocrx_word' id='word_1_86' title='bbox 570 1342 774 1392; x_wconf 84' lang='lat' dir='ltr'><strong>hostem</strong></span> <span class='ocrx_word' id='word_1_87' title='bbox 812 1345 1220 1407; x_wconf 85' lang='lat' dir='ltr'><strong>pugnaverant,</strong></span> <span class='ocrx_word' id='word_1_88' title='bbox 1256 1344 1453 1404; x_wconf 85' lang='lat' dir='ltr'><strong>quique</strong></span> <span class='ocrx_word' id='word_1_89' title='bbox 1488 1342 1696 1391; x_wconf 84' lang='lat' dir='ltr'><strong>tardius</strong></span> <span class='ocrx_word' id='word_1_90' title='bbox 1731 1339 1981 1390; x_wconf 85' lang='lat' dir='ltr'><strong>revocati</strong></span> 
     </span>
     <span class='ocr_line' id='line_1_13' title="bbox 232 1428 1983 1495; baseline -0.002 -15"><span class='ocrx_word' id='word_1_91' title='bbox 232 1428 443 1491; x_wconf 83' lang='lat' dir='ltr'><strong>proelio</strong></span> <span class='ocrx_word' id='word_1_92' title='bbox 512 1436 893 1495; x_wconf 81' lang='lat' dir='ltr'><strong>excesserant,</strong></span> <span class='ocrx_word' id='word_1_93' title='bbox 965 1442 1119 1492; x_wconf 84' lang='lat' dir='ltr'><strong>quam</strong></span> <span class='ocrx_word' id='word_1_94' title='bbox 1167 1431 1257 1493; x_wconf 86' lang='lat' dir='ltr'><strong>qui</strong></span> <span class='ocrx_word' id='word_1_95' title='bbox 1314 1430 1476 1494; x_wconf 88' lang='lat' dir='ltr'><strong>signa</strong></span> <span class='ocrx_word' id='word_1_96' title='bbox 1523 1428 1833 1491; x_wconf 76' lang='lat' dir='ltr'><strong>relinquere</strong></span> <span class='ocrx_word' id='word_1_97' title='bbox 1884 1430 1983 1477; x_wconf 85' lang='lat' dir='ltr'><strong>aut</strong></span> 
     </span>
     <span class='ocr_line' id='line_1_14' title="bbox 231 1515 1981 1585; baseline -0.001 -18"><span class='ocrx_word' id='word_1_98' title='bbox 231 1516 381 1579; x_wconf 86' lang='lat' dir='ltr'><strong>pulsi</strong></span> <span class='ocrx_word' id='word_1_99' title='bbox 413 1517 541 1568; x_wconf 87' lang='lat' dir='ltr'><strong>loco</strong></span> <span class='ocrx_word' id='word_1_100' title='bbox 578 1518 772 1569; x_wconf 88' lang='lat' dir='ltr'><strong>cedere</strong></span> <span class='ocrx_word' id='word_1_101' title='bbox 807 1520 926 1569; x_wconf 86' lang='lat' dir='ltr'><strong>ausi</strong></span> <span class='ocrx_word' id='word_1_102' title='bbox 963 1521 1150 1581; x_wconf 81' lang='lat' dir='ltr'><strong>erant3</strong></span> <span class='ocrx_word' id='word_1_103' title='bbox 1186 1521 1242 1569; x_wconf 90' lang='lat' dir='ltr'><strong>in</strong></span> <span class='ocrx_word' id='word_1_104' title='bbox 1278 1531 1416 1581; x_wconf 85' lang='lat' dir='ltr'><strong>pace</strong></span> <span class='ocrx_word' id='word_1_105' title='bbox 1448 1531 1602 1585; x_wconf 82' lang='lat' dir='ltr'><strong>vero,</strong></span> <span class='ocrx_word' id='word_1_106' title='bbox 1639 1515 1780 1580; x_wconf 90' lang='lat' dir='ltr'><strong>quod</strong></span> <span class='ocrx_word' id='word_1_107' title='bbox 1809 1518 1981 1568; x_wconf 86' lang='lat' dir='ltr'><strong>bene-</strong></span> 
     </span>
     <span class='ocr_line' id='line_1_15' title="bbox 232 1605 1982 1677; baseline -0.001 -23"><span class='ocrx_word' id='word_1_108' title='bbox 232 1605 374 1655; x_wconf 75' lang='lat' dir='ltr'><strong>ficiis</strong></span> <span class='ocrx_word' id='word_1_109' title='bbox 411 1616 568 1668; x_wconf 84' lang='lat' dir='ltr'><strong>quam</strong></span> <span class='ocrx_word' id='word_1_110' title='bbox 597 1610 744 1657; x_wconf 87' lang='lat' dir='ltr'><strong>metu</strong></span> <span class='ocrx_word' id='word_1_111' title='bbox 775 1609 1056 1670; x_wconf 86' lang='lat' dir='ltr'><strong>imperium</strong></span> <span class='ocrx_word' id='word_1_112' title='bbox 1089 1608 1391 1677; x_wconf 80' lang='lat' dir='ltr'><strong>agitabant,</strong></span> <span class='ocrx_word' id='word_1_113' title='bbox 1428 1612 1486 1657; x_wconf 86' lang='lat' dir='ltr'><strong>et</strong></span> <span class='ocrx_word' id='word_1_114' title='bbox 1516 1612 1747 1669; x_wconf 82' lang='lat' dir='ltr'><strong>accepta</strong></span> <span class='ocrx_word' id='word_1_115' title='bbox 1778 1606 1982 1655; x_wconf 86' lang='lat' dir='ltr'><strong>iniuria</strong></span> 
     </span>
     <span class='ocr_line' id='line_1_16' title="bbox 235 1692 2055 1757; baseline 0.001 -15"><span class='ocrx_word' id='word_1_116' title='bbox 235 1696 524 1757; x_wconf 73' lang='lat' dir='ltr'><strong>ignoscere</strong></span> <span class='ocrx_word' id='word_1_117' title='bbox 561 1708 718 1756; x_wconf 86' lang='lat' dir='ltr'><strong>quam</strong></span> <span class='ocrx_word' id='word_1_118' title='bbox 757 1698 1010 1757; x_wconf 78' lang='lat' dir='ltr'><strong>persequi</strong></span> <span class='ocrx_word' id='word_1_119' title='bbox 1045 1696 1337 1748; x_wconf 83' lang='lat' dir='ltr'><strong>malebant.</strong></span> <span class='ocrx_word' id='word_1_120' title='bbox 1990 1692 2055 1746; x_wconf 85' lang='lat'><strong>15</strong></span> 
     </span>
    </p>

    <p class='ocr_par' dir='ltr' id='par_1_3' title="bbox 223 1768 2058 3087">
     <span class='ocr_line' id='line_1_17' title="bbox 345 1768 1982 1848; baseline -0.001 -17"><span class='ocrx_word' id='word_1_121' title='bbox 345 1781 432 1835; x_wconf 88' lang='grc'><strong>10.</strong></span> <span class='ocrx_word' id='word_1_122' title='bbox 471 1784 578 1833; x_wconf 83' lang='lat' dir='ltr'><strong>Sed</strong></span> <span class='ocrx_word' id='word_1_123' title='bbox 617 1786 708 1835; x_wconf 90' lang='lat' dir='ltr'><strong>ubi</strong></span> <span class='ocrx_word' id='word_1_124' title='bbox 739 1784 932 1833; x_wconf 87' lang='lat' dir='ltr'><strong>labore</strong></span> <span class='ocrx_word' id='word_1_125' title='bbox 967 1788 1128 1848; x_wconf 87' lang='lat' dir='ltr'><strong>atque</strong></span> <span class='ocrx_word' id='word_1_126' title='bbox 1163 1768 1374 1836; x_wconf 80' lang='lat' dir='ltr'><strong>iustitia</strong></span> <span class='ocrx_word' id='word_1_127' title='bbox 1406 1797 1499 1834; x_wconf 88' lang='lat' dir='ltr'><strong>res</strong></span> <span class='ocrx_word' id='word_1_128' title='bbox 1533 1783 1753 1847; x_wconf 86' lang='lat' dir='ltr'><strong>publica</strong></span> <span class='ocrx_word' id='word_1_129' title='bbox 1788 1782 1982 1848; x_wconf 80' lang='lat' dir='ltr'><strong>crevit,</strong></span> 
     </span>
     <span class='ocr_line' id='line_1_18' title="bbox 235 1870 1982 1937; baseline 0.001 -18"><span class='ocrx_word' id='word_1_130' title='bbox 235 1880 398 1933; x_wconf 86' lang='lat' dir='ltr'><strong>reges</strong></span> <span class='ocrx_word' id='word_1_131' title='bbox 431 1874 612 1937; x_wconf 82' lang='lat' dir='ltr'><strong>magni</strong></span> <span class='ocrx_word' id='word_1_132' title='bbox 651 1870 796 1922; x_wconf 87' lang='lat' dir='ltr'><strong>bello</strong></span> <span class='ocrx_word' id='word_1_133' title='bbox 833 1872 1050 1937; x_wconf 88' lang='lat' dir='ltr'><strong>domiti,</strong></span> <span class='ocrx_word' id='word_1_134' title='bbox 1101 1876 1351 1923; x_wconf 86' lang='lat' dir='ltr'><strong>nationes</strong></span> <span class='ocrx_word' id='word_1_135' title='bbox 1392 1874 1547 1923; x_wconf 83' lang='lat' dir='ltr'><strong>ferae</strong></span> <span class='ocrx_word' id='word_1_136' title='bbox 1582 1874 1639 1921; x_wconf 89' lang='lat' dir='ltr'><strong>et</strong></span> <span class='ocrx_word' id='word_1_137' title='bbox 1674 1870 1862 1935; x_wconf 81' lang='lat' dir='ltr'><strong>populi</strong></span> <span class='ocrx_word' id='word_1_138' title='bbox 1891 1872 1982 1921; x_wconf 87' lang='lat' dir='ltr'><strong>in-</strong></span> 
     </span>
     <span class='ocr_line' id='line_1_19' title="bbox 233 1960 1983 2028; baseline -0.001 -18"><span class='ocrx_word' id='word_1_139' title='bbox 233 1964 424 2023; x_wconf 82' lang='lat' dir='ltr'><strong>gentes</strong></span> <span class='ocrx_word' id='word_1_140' title='bbox 474 1963 536 2012; x_wconf 80' lang='lat' dir='ltr'><strong>vi</strong></span> <span class='ocrx_word' id='word_1_141' title='bbox 573 1962 814 2028; x_wconf 77' lang='lat' dir='ltr'><strong>subacti,</strong></span> <span class='ocrx_word' id='word_1_142' title='bbox 869 1962 1151 2026; x_wconf 81' lang='lat' dir='ltr'><strong>Karthago</strong></span> <span class='ocrx_word' id='word_1_143' title='bbox 1171 1996 1188 2028; x_wconf 94' lang='lat'><strong>,</strong></span> <span class='ocrx_word' id='word_1_144' title='bbox 1245 1962 1461 2012; x_wconf 88' lang='lat' dir='ltr'><strong>aemula</strong></span> <span class='ocrx_word' id='word_1_145' title='bbox 1490 1962 1703 2024; x_wconf 63' lang='lat' dir='ltr'><strong>‘imperi</strong></span> <span class='ocrx_word' id='word_1_146' title='bbox 1734 1960 1983 2026; x_wconf 82' lang='lat' dir='ltr'><strong>Romani,</strong></span> 
     </span>
     <span class='ocr_line' id='line_1_20' title="bbox 231 2049 1983 2117; baseline 0 -19"><span class='ocrx_word' id='word_1_147' title='bbox 231 2049 301 2098; x_wconf 85' lang='lat' dir='ltr'><strong>ab</strong></span> <span class='ocrx_word' id='word_1_148' title='bbox 351 2052 525 2104; x_wconf 80' lang='lat' dir='ltr'><strong>stirne</strong></span> <span class='ocrx_word' id='word_1_149' title='bbox 576 2053 822 2117; x_wconf 86' lang='lat' dir='ltr'><strong>interiit,</strong></span> <span class='ocrx_word' id='word_1_150' title='bbox 882 2055 1080 2100; x_wconf 88' lang='lat' dir='ltr'><strong>cuncta</strong></span> <span class='ocrx_word' id='word_1_151' title='bbox 1135 2053 1311 2102; x_wconf 86' lang='lat' dir='ltr'><strong>maria</strong></span> <span class='ocrx_word' id='word_1_152' title='bbox 1366 2055 1651 2113; x_wconf 80' lang='lat' dir='ltr'><strong>terraeque</strong></span> <span class='ocrx_word' id='word_1_153' title='bbox 1704 2050 1983 2116; x_wconf 86' lang='lat' dir='ltr'><strong>patebant,</strong></span> 
     </span>
     <span class='ocr_line' id='line_1_21' title="bbox 229 2134 2058 2202; baseline 0 -16"><span class='ocrx_word' id='word_1_154' title='bbox 229 2138 452 2188; x_wconf 81' lang='lat' dir='ltr'><strong>saevire</strong></span> <span class='ocrx_word' id='word_1_155' title='bbox 487 2138 707 2190; x_wconf 83' lang='lat' dir='ltr'><strong>fortuna</strong></span> <span class='ocrx_word' id='word_1_156' title='bbox 739 2153 806 2190; x_wconf 88' lang='lat' dir='ltr'><strong>ac</strong></span> <span class='ocrx_word' id='word_1_157' title='bbox 838 2143 1070 2190; x_wconf 87' lang='lat' dir='ltr'><strong>miscere</strong></span> <span class='ocrx_word' id='word_1_158' title='bbox 1113 2142 1294 2190; x_wconf 87' lang='lat' dir='ltr'><strong>omnia</strong></span> <span class='ocrx_word' id='word_1_159' title='bbox 1331 2141 1529 2201; x_wconf 85' lang='lat' dir='ltr'><strong>coepit.</strong></span> <span class='ocrx_word' id='word_1_160' title='bbox 1598 2135 1705 2202; x_wconf 80' lang='lat' dir='ltr'><strong>Qui</strong></span> <span class='ocrx_word' id='word_1_161' title='bbox 1739 2134 2058 2202; x_wconf 82' lang='lat' dir='ltr'><strong>labores,20</strong></span> 
     </span>
     <span class='ocr_line' id='line_1_22' title="bbox 223 2226 1982 2293; baseline -0.001 -17"><span class='ocrx_word' id='word_1_162' title='bbox 223 2228 502 2293; x_wconf 82' lang='lat' dir='ltr'><strong>pericula,</strong></span> <span class='ocrx_word' id='word_1_163' title='bbox 551 2227 737 2278; x_wconf 83' lang='lat' dir='ltr'><strong>dubias</strong></span> <span class='ocrx_word' id='word_1_164' title='bbox 772 2236 934 2290; x_wconf 85' lang='lat' dir='ltr'><strong>atque</strong></span> <span class='ocrx_word' id='word_1_165' title='bbox 977 2241 1201 2291; x_wconf 86' lang='lat' dir='ltr'><strong>asperas</strong></span> <span class='ocrx_word' id='word_1_166' title='bbox 1241 2239 1331 2278; x_wconf 86' lang='lat' dir='ltr'><strong>res</strong></span> <span class='ocrx_word' id='word_1_167' title='bbox 1368 2226 1539 2278; x_wconf 79' lang='lat' dir='ltr'><strong>facile</strong></span> <span class='ocrx_word' id='word_1_168' title='bbox 1589 2226 1982 2288; x_wconf 84' lang='lat' dir='ltr'><strong>toleraverant,</strong></span> 
     </span>
     <span class='ocr_line' id='line_1_23' title="bbox 226 2314 1981 2380; baseline -0.001 -17"><span class='ocrx_word' id='word_1_169' title='bbox 226 2314 318 2365; x_wconf 86' lang='lat' dir='ltr'><strong>his</strong></span> <span class='ocrx_word' id='word_1_170' title='bbox 373 2317 540 2364; x_wconf 84' lang='lat' dir='ltr'><strong>otium</strong></span> <span class='ocrx_word' id='word_1_171' title='bbox 558 2349 578 2380; x_wconf 91' lang='lat'><strong>,</strong></span> <span class='ocrx_word' id='word_1_172' title='bbox 628 2316 856 2369; x_wconf 80' lang='lat' dir='ltr'><strong>divitiae</strong></span> <span class='ocrx_word' id='word_1_173' title='bbox 893 2316 1178 2378; x_wconf 68' lang='lat' dir='ltr'><strong>optandae</strong></span> <span class='ocrx_word' id='word_1_174' title='bbox 1234 2317 1364 2366; x_wconf 86' lang='lat' dir='ltr'><strong>aliis</strong></span> <span class='ocrx_word' id='word_1_175' title='bbox 1416 2317 1575 2366; x_wconf 88' lang='lat' dir='ltr'><strong>oneri</strong></span> <span class='ocrx_word' id='word_1_176' title='bbox 1620 2314 1981 2375; x_wconf 77' lang='lat' dir='ltr'><strong>miseriaeque</strong></span> 
     </span>
     <span class='ocr_line' id='line_1_24' title="bbox 227 2398 1981 2469; baseline -0.001 -17"><span class='ocrx_word' id='word_1_177' title='bbox 227 2404 410 2452; x_wconf 84' lang='lat' dir='ltr'><strong>fuere.</strong></span> <span class='ocrx_word' id='word_1_178' title='bbox 480 2403 653 2466; x_wconf 82' lang='lat' dir='ltr'><strong>Igitur</strong></span> <span class='ocrx_word' id='word_1_179' title='bbox 705 2407 876 2467; x_wconf 84' lang='lat' dir='ltr'><strong>primo</strong></span> <span class='ocrx_word' id='word_1_180' title='bbox 929 2407 1191 2466; x_wconf 83' lang='lat' dir='ltr'><strong>pecuniae</strong></span> <span class='ocrx_word' id='word_1_181' title='bbox 1211 2440 1227 2469; x_wconf 91' lang='lat'><strong>,</strong></span> <span class='ocrx_word' id='word_1_182' title='bbox 1286 2404 1479 2455; x_wconf 89' lang='lat' dir='ltr'><strong>deinde</strong></span> <span class='ocrx_word' id='word_1_183' title='bbox 1540 2405 1733 2466; x_wconf 86' lang='lat' dir='ltr'><strong>imperi</strong></span> <span class='ocrx_word' id='word_1_184' title='bbox 1784 2398 1981 2464; x_wconf 88' lang='lat' dir='ltr'><strong>cupido</strong></span> 
     </span>
     <span class='ocr_line' id='line_1_25' title="bbox 234 2489 1982 2552; baseline 0.002 -16"><span class='ocrx_word' id='word_1_185' title='bbox 234 2489 446 2550; x_wconf 79' lang='lat' dir='ltr'><strong>crevit3</strong></span> <span class='ocrx_word' id='word_1_186' title='bbox 483 2501 552 2538; x_wconf 81' lang='lat' dir='ltr'><strong>ea</strong></span> <span class='ocrx_word' id='word_1_187' title='bbox 573 2493 726 2552; x_wconf 85' lang='lat' dir='ltr'><strong>quasi</strong></span> <span class='ocrx_word' id='word_1_188' title='bbox 760 2495 1014 2544; x_wconf 86' lang='lat' dir='ltr'><strong>materies</strong></span> <span class='ocrx_word' id='word_1_189' title='bbox 1043 2495 1278 2543; x_wconf 89' lang='lat' dir='ltr'><strong>omnium</strong></span> <span class='ocrx_word' id='word_1_190' title='bbox 1300 2493 1566 2544; x_wconf 89' lang='lat' dir='ltr'><strong>malorum</strong></span> <span class='ocrx_word' id='word_1_191' title='bbox 1590 2491 1759 2541; x_wconf 76' lang='lat' dir='ltr'><strong>fuere.</strong></span> <span class='ocrx_word' id='word_1_192' title='bbox 1810 2489 1982 2541; x_wconf 82' lang='lat' dir='ltr'><strong>Nam-</strong></span> 
     </span>
     <span class='ocr_line' id='line_1_26' title="bbox 231 2555 2056 2644; baseline 0 -20"><span class='ocrx_word' id='word_1_193' title='bbox 231 2587 340 2638; x_wconf 84' lang='lat' dir='ltr'><strong>que</strong></span> <span class='ocrx_word' id='word_1_194' title='bbox 374 2578 609 2627; x_wconf 83' lang='lat' dir='ltr'><strong>avaritia</strong></span> <span class='ocrx_word' id='word_1_195' title='bbox 653 2577 840 2644; x_wconf 82' lang='lat' dir='ltr'><strong>iidem,</strong></span> <span class='ocrx_word' id='word_1_196' title='bbox 889 2581 1210 2642; x_wconf 81' lang='lat' dir='ltr'><strong>probitatem</strong></span> <span class='ocrx_word' id='word_1_197' title='bbox 1259 2555 1579 2643; x_wconf 61' lang='lat' dir='ltr'><strong>ceterasque</strong></span> <span class='ocrx_word' id='word_1_198' title='bbox 1620 2581 1761 2630; x_wconf 82' lang='lat' dir='ltr'><strong>artis</strong></span> <span class='ocrx_word' id='word_1_199' title='bbox 1806 2579 1978 2629; x_wconf 87' lang='lat' dir='ltr'><strong>bonas</strong></span> <span class='ocrx_word' id='word_1_200' title='bbox 1989 2571 2056 2624; x_wconf 87' lang='lat'><strong>25</strong></span> 
     </span>
     <span class='ocr_line' id='line_1_27' title="bbox 229 2664 1983 2733; baseline 0.001 -19"><span class='ocrx_word' id='word_1_201' title='bbox 229 2664 534 2727; x_wconf 82' lang='lat' dir='ltr'><strong>subvortit3</strong></span> <span class='ocrx_word' id='word_1_202' title='bbox 575 2677 674 2726; x_wconf 89' lang='lat' dir='ltr'><strong>pro</strong></span> <span class='ocrx_word' id='word_1_203' title='bbox 709 2666 792 2714; x_wconf 84' lang='lat' dir='ltr'><strong>his</strong></span> <span class='ocrx_word' id='word_1_204' title='bbox 825 2669 1148 2733; x_wconf 83' lang='lat' dir='ltr'><strong>superbiam,</strong></span> <span class='ocrx_word' id='word_1_205' title='bbox 1185 2669 1581 2732; x_wconf 82' lang='lat' dir='ltr'><strong>crudelitatem,</strong></span> <span class='ocrx_word' id='word_1_206' title='bbox 1618 2668 1748 2716; x_wconf 78' lang='lat' dir='ltr'><strong>deos</strong></span> <span class='ocrx_word' id='word_1_207' title='bbox 1784 2665 1983 2729; x_wconf 87' lang='lat' dir='ltr'><strong>negle-</strong></span> 
     </span>
     <span class='ocr_line' id='line_1_28' title="bbox 227 2752 1983 2819; baseline -0.001 -16"><span class='ocrx_word' id='word_1_208' title='bbox 227 2763 396 2819; x_wconf 80' lang='lat' dir='ltr'><strong>gere,</strong></span> <span class='ocrx_word' id='word_1_209' title='bbox 450 2755 629 2803; x_wconf 87' lang='lat' dir='ltr'><strong>omnia</strong></span> <span class='ocrx_word' id='word_1_210' title='bbox 681 2752 906 2804; x_wconf 82' lang='lat' dir='ltr'><strong>venalia</strong></span> <span class='ocrx_word' id='word_1_211' title='bbox 953 2754 1155 2806; x_wconf 83' lang='lat' dir='ltr'><strong>babere</strong></span> <span class='ocrx_word' id='word_1_212' title='bbox 1200 2758 1437 2808; x_wconf 84' lang='lat' dir='ltr'><strong>edocuit.</strong></span> <span class='ocrx_word' id='word_1_213' title='bbox 1508 2757 1747 2806; x_wconf 75' lang='lat' dir='ltr'><strong>Ambitio</strong></span> <span class='ocrx_word' id='word_1_214' title='bbox 1782 2753 1983 2804; x_wconf 87' lang='lat' dir='ltr'><strong>multos</strong></span> 
     </span>
     <span class='ocr_line' id='line_1_29' title="bbox 230 2841 1984 2912; baseline 0 -20"><span class='ocrx_word' id='word_1_215' title='bbox 230 2841 479 2892; x_wconf 84' lang='lat' dir='ltr'><strong>mortalis</strong></span> <span class='ocrx_word' id='word_1_216' title='bbox 513 2842 688 2894; x_wconf 83' lang='lat' dir='ltr'><strong>falsos</strong></span> <span class='ocrx_word' id='word_1_217' title='bbox 723 2843 843 2892; x_wconf 84' lang='lat' dir='ltr'><strong>fieri</strong></span> <span class='ocrx_word' id='word_1_218' title='bbox 875 2846 1116 2912; x_wconf 82' lang='lat' dir='ltr'><strong>subegit,</strong></span> <span class='ocrx_word' id='word_1_219' title='bbox 1173 2846 1322 2896; x_wconf 89' lang='lat' dir='ltr'><strong>aliud</strong></span> <span class='ocrx_word' id='word_1_220' title='bbox 1358 2846 1602 2896; x_wconf 88' lang='lat' dir='ltr'><strong>clausum</strong></span> <span class='ocrx_word' id='word_1_221' title='bbox 1638 2847 1693 2894; x_wconf 83' lang='lat' dir='ltr'><strong>in</strong></span> <span class='ocrx_word' id='word_1_222' title='bbox 1738 2845 1984 2909; x_wconf 85' lang='lat' dir='ltr'><strong>pectore,</strong></span> 
     </span>
     <span class='ocr_line' id='line_1_30' title="bbox 229 2928 1984 2999; baseline -0.001 -18"><span class='ocrx_word' id='word_1_223' title='bbox 229 2928 378 2981; x_wconf 84' lang='lat' dir='ltr'><strong>aliud</strong></span> <span class='ocrx_word' id='word_1_224' title='bbox 411 2931 468 2979; x_wconf 89' lang='lat' dir='ltr'><strong>in</strong></span> <span class='ocrx_word' id='word_1_225' title='bbox 505 2931 696 2996; x_wconf 84' lang='lat' dir='ltr'><strong>lingua</strong></span> <span class='ocrx_word' id='word_1_226' title='bbox 727 2935 1030 2995; x_wconf 87' lang='lat' dir='ltr'><strong>promptum</strong></span> <span class='ocrx_word' id='word_1_227' title='bbox 1064 2935 1285 2999; x_wconf 83' lang='lat' dir='ltr'><strong>habere,</strong></span> <span class='ocrx_word' id='word_1_228' title='bbox 1329 2934 1600 2984; x_wconf 86' lang='lat' dir='ltr'><strong>amicitias</strong></span> <span class='ocrx_word' id='word_1_229' title='bbox 1633 2932 1984 2982; x_wconf 86' lang='lat' dir='ltr'><strong>inimicitias-</strong></span> 
     </span>
     <span class='ocr_line' id='line_1_31' title="bbox 227 3017 2057 3087; baseline 0.003 -20"><span class='ocrx_word' id='word_1_230' title='bbox 227 3029 332 3082; x_wconf 84' lang='lat' dir='ltr'><strong>que</strong></span> <span class='ocrx_word' id='word_1_231' title='bbox 369 3030 474 3068; x_wconf 86' lang='lat' dir='ltr'><strong>non</strong></span> <span class='ocrx_word' id='word_1_232' title='bbox 509 3031 579 3068; x_wconf 86' lang='lat' dir='ltr'><strong>ex</strong></span> <span class='ocrx_word' id='word_1_233' title='bbox 615 3032 708 3085; x_wconf 89' lang='lat' dir='ltr'><strong>re,</strong></span> <span class='ocrx_word' id='word_1_234' title='bbox 752 3021 848 3070; x_wconf 87' lang='lat' dir='ltr'><strong>sed</strong></span> <span class='ocrx_word' id='word_1_235' title='bbox 885 3034 955 3071; x_wconf 84' lang='lat' dir='ltr'><strong>ex</strong></span> <span class='ocrx_word' id='word_1_236' title='bbox 989 3022 1271 3072; x_wconf 88' lang='lat' dir='ltr'><strong>commodo</strong></span> <span class='ocrx_word' id='word_1_237' title='bbox 1304 3026 1645 3087; x_wconf 82' lang='lat' dir='ltr'><strong>aestumare,</strong></span> <span class='ocrx_word' id='word_1_238' title='bbox 1698 3017 2057 3086; x_wconf 72' lang='lat' dir='ltr'><strong>magisqueao</strong></span> 
     </span>
    </p>
   </div>
   <div class='ocr_carea' id='block_1_3' title="bbox 227 3115 615 3127">
    <p class='ocr_par' dir='ltr' id='par_1_4' title="bbox 227 3115 615 3127">
     <span class='ocr_line' id='line_1_32' title="bbox 227 3115 615 3127; baseline 0 0"><span class='ocrx_word' id='word_1_239' title='bbox 227 3115 615 3127; x_wconf 95' lang='lat' dir='ltr'><strong> </strong></span> 
     </span>
    </p>
   </div>
   <div class='ocr_carea' id='block_1_4' title="bbox 228 3170 1979 3352">
    <p class='ocr_par' dir='ltr' id='par_1_5' title="bbox 228 3170 1979 3352">
     <span class='ocr_line' id='line_1_33' title="bbox 325 3170 1977 3224; baseline 0.005 -15"><span class='ocrx_word' id='word_1_240' title='bbox 325 3170 360 3210; x_wconf 72' lang='lat'><strong>4.</strong></span> <span class='ocrx_word' id='word_1_241' title='bbox 387 3173 490 3218; x_wconf 76' lang='lat' dir='ltr'><strong>irae,</strong></span> <span class='ocrx_word' id='word_1_242' title='bbox 514 3173 602 3212; x_wconf 69' lang='lat' dir='ltr'><strong>sim.</strong></span> <span class='ocrx_word' id='word_1_243' title='bbox 630 3171 678 3210; x_wconf 82' lang='lat' dir='ltr'><strong>V.</strong></span> <span class='ocrx_word' id='word_1_244' title='bbox 704 3191 755 3201; x_wconf 95' lang='lat'>—</span> <span class='ocrx_word' id='word_1_245' title='bbox 789 3172 829 3212; x_wconf 75' lang='grc'><strong>6.</strong></span> <span class='ocrx_word' id='word_1_246' title='bbox 855 3174 992 3223; x_wconf 75' lang='lat' dir='ltr'><strong>parci,</strong></span> <span class='ocrx_word' id='word_1_247' title='bbox 1019 3174 1160 3212; x_wconf 64' lang='lat' dir='ltr'><strong>amicis</strong></span> <span class='ocrx_word' id='word_1_248' title='bbox 1183 3171 1234 3214; x_wconf 80' lang='lat' dir='ltr'><strong>V.</strong></span> <span class='ocrx_word' id='word_1_249' title='bbox 1259 3175 1396 3224; x_wconf 69' lang='lat' dir='ltr'><strong>parci,</strong></span> <span class='ocrx_word' id='word_1_250' title='bbox 1422 3175 1465 3213; x_wconf 69' lang='grc' dir='ltr'><strong>ἐκ</strong></span> <span class='ocrx_word' id='word_1_251' title='bbox 1490 3175 1635 3215; x_wconf 66' lang='lat' dir='ltr'><strong>amicis</strong></span> <span class='ocrx_word' id='word_1_252' title='bbox 1658 3174 1711 3216; x_wconf 81' lang='grc' dir='ltr'><strong>Κ.</strong></span> <span class='ocrx_word' id='word_1_253' title='bbox 1740 3196 1791 3207; x_wconf 89' lang='lat'><strong>·-</strong></span> <span class='ocrx_word' id='word_1_254' title='bbox 1826 3178 1868 3218; x_wconf 77' lang='lat'><strong>9.</strong></span> <span class='ocrx_word' id='word_1_255' title='bbox 1898 3189 1977 3217; x_wconf 79' lang='lat' dir='ltr'><strong>om.</strong></span> 
     </span>
     <span class='ocr_line' id='line_1_34' title="bbox 229 3239 1979 3293; baseline 0.006 -16"><span class='ocrx_word' id='word_1_256' title='bbox 229 3251 298 3286; x_wconf 66' lang='lat' dir='ltr'><strong>qo</strong></span> <span class='ocrx_word' id='word_1_257' title='bbox 324 3239 373 3282; x_wconf 80' lang='lat' dir='ltr'><strong>V.</strong></span> <span class='ocrx_word' id='word_1_258' title='bbox 396 3260 444 3268; x_wconf 91' lang='lat'><strong>—</strong></span> <span class='ocrx_word' id='word_1_259' title='bbox 485 3240 546 3282; x_wconf 71' lang='lat'><strong>12.</strong></span> <span class='ocrx_word' id='word_1_260' title='bbox 571 3239 754 3290; x_wconf 67' lang='lat' dir='ltr'><strong>moue]</strong></span> <span class='ocrx_word' id='word_1_261' title='bbox 779 3239 877 3280; x_wconf 81' lang='lat' dir='ltr'><strong>bello</strong></span> <span class='ocrx_word' id='word_1_262' title='bbox 903 3242 956 3282; x_wconf 79' lang='lat' dir='ltr'><strong>K.</strong></span> <span class='ocrx_word' id='word_1_263' title='bbox 984 3261 1035 3271; x_wconf 91' lang='grc'><strong>·-</strong></span> <span class='ocrx_word' id='word_1_264' title='bbox 1073 3241 1136 3280; x_wconf 75' lang='grc'><strong>14.</strong></span> <span class='ocrx_word' id='word_1_265' title='bbox 1164 3241 1201 3281; x_wconf 78' lang='lat' dir='ltr'><strong>b.</strong></span> <span class='ocrx_word' id='word_1_266' title='bbox 1229 3245 1357 3292; x_wconf 63' lang='lat' dir='ltr'><strong>magis</strong></span> <span class='ocrx_word' id='word_1_267' title='bbox 1382 3255 1421 3293; x_wconf 77' lang='lat' dir='ltr'><strong>q.</strong></span> <span class='ocrx_word' id='word_1_268' title='bbox 1450 3243 1500 3284; x_wconf 79' lang='lat' dir='ltr'><strong>V.</strong></span> <span class='ocrx_word' id='word_1_269' title='bbox 1526 3264 1573 3274; x_wconf 97' lang='lat'>—</span> <span class='ocrx_word' id='word_1_270' title='bbox 1613 3243 1676 3285; x_wconf 71' lang='lat'><strong>21.</strong></span> <span class='ocrx_word' id='word_1_271' title='bbox 1703 3244 1825 3290; x_wconf 59' lang='lat' dir='ltr'><strong>dirue</strong></span> <span class='ocrx_word' id='word_1_272' title='bbox 1851 3245 1903 3288; x_wconf 82' lang='lat' dir='ltr'><strong>V.</strong></span> <span class='ocrx_word' id='word_1_273' title='bbox 1930 3263 1979 3276; x_wconf 88' lang='lat'><strong>-·</strong></span> 
     </span>
     <span class='ocr_line' id='line_1_35' title="bbox 228 3307 1272 3352; baseline 0.002 -2"><span class='ocrx_word' id='word_1_274' title='bbox 228 3307 293 3350; x_wconf 56' lang='grc' dir='ltr'><strong>ἢ.</strong></span> <span class='ocrx_word' id='word_1_275' title='bbox 321 3308 376 3350; x_wconf 71' lang='grc' dir='ltr'><strong>ι’ἰε</strong></span> <span class='ocrx_word' id='word_1_276' title='bbox 400 3307 446 3350; x_wconf 79' lang='lat' dir='ltr'><strong>V.</strong></span> <span class='ocrx_word' id='word_1_277' title='bbox 473 3327 524 3338; x_wconf 88' lang='lat'>-</span> <span class='ocrx_word' id='word_1_278' title='bbox 571 3309 636 3350; x_wconf 69' lang='lat' dir='ltr'><strong>n.</strong></span> <span class='ocrx_word' id='word_1_279' title='bbox 665 3307 771 3350; x_wconf 68' lang='lat' dir='ltr'><strong>alias</strong></span> <span class='ocrx_word' id='word_1_280' title='bbox 797 3309 848 3348; x_wconf 75' lang='grc' dir='ltr'><strong>Κ.</strong></span> <span class='ocrx_word' id='word_1_281' title='bbox 874 3329 924 3340; x_wconf 91' lang='lat'><strong>-·</strong></span> <span class='ocrx_word' id='word_1_282' title='bbox 971 3309 1034 3350; x_wconf 67' lang='grc'><strong>17.</strong></span> <span class='ocrx_word' id='word_1_283' title='bbox 1063 3308 1197 3350; x_wconf 72' lang='lat' dir='ltr'><strong>docuit</strong></span> <span class='ocrx_word' id='word_1_284' title='bbox 1221 3309 1272 3352; x_wconf 79' lang='lat' dir='ltr'><strong>V.</strong></span> 
     </span>
    </p>
   </div>
  </div>
 </body>
</html>
