2525 3925
515 344 626 397 27⁰
1049 338 1409 393 EPHOMAE
1442 340 1505 391 1³.
1536 340 1717 391 mvn

518 491 666 541 tertii
717 488 848 541 beili
884 489 1073 541 Punici
1119 488 1445 538 referuntur.
1516 482 1653 536 Cum
1688 487 1743 535 in
1780 483 1973 535 fluibus
2016 484 2257 535 Kartha·-

516 580 846 643 giniensium
899 579 1096 642 ingens
1141 578 1489 627 Numidarum
1542 575 1847 639 exercitus,
1898 575 2039 624 duce
2084 574 2259 625 Ario·

519 668 756 719 barzane
791 667 1063 729 syphacis
1107 668 1335 727 nepote,
1390 664 1669 714 diceretur
1714 674 1868 727 esse,
1916 665 1993 713 M.
2030 662 2263 713 Porcius

519 753 654 807 Cato
701 758 876 807 suasit
918 760 979 805 ut
1029 753 1571 816 Karthaginiensibus
1588 784 1605 814 ,
1651 762 1786 801 cum
1826 753 2263 803 Ariobarzanem

477 844 704 908 bspecie
751 846 944 895 contra
977 843 1323 893 Masinissam
1372 852 1587 905 regem,
1634 841 1735 891 sed
1780 852 1843 890 re
1880 854 2019 891 vera
2068 844 2263 893 contra

516 934 790 983 Romanos
827 933 1064 983 accitum
1096 932 1152 981 in
1185 914 1379 979 finibus
1418 930 1705 994 haberent,
1742 927 1947 979 bellum
1981 930 2263 981 indicere-

516 1026 620 1073 tur.
689 1018 890 1071 Contra
926 1020 1142 1071 dicente
1173 1018 1232 1067 P.
1265 1014 1525 1067 Cornelio
1556 1019 1757 1069 Nasica
1796 1018 2009 1079 placuit
2042 1017 2263 1083 legatos

515 1111 656 1161 mitti
709 1109 1096 1172 Karthaginem
1113 1141 1128 1170 ‚
1187 1107 1280 1169 qui
1334 1104 1753 1167 specularentur
1803 1108 1927 1169 quid
1980 1112 2259 1172 ageretur.

517 1195 800 1261 castigato
833 1201 1027 1247 senatu
1059 1194 1613 1258 Karthaginiensium,
1652 1196 1794 1257 quod
1834 1200 2028 1246 contra
2064 1194 2261 1246 foedus

444 1286 508 1339 1⁰
521 1291 577 1336 et
611 1286 914 1337 exercitum
943 1288 1000 1335 et
1023 1281 1254 1335 navales
1288 1283 1546 1333 materias
1582 1285 1857 1349 haberent,
1894 1296 2094 1347 pacem
2118 1287 2264 1335 inter

519 1384 614 1425 eos
661 1377 720 1423 et
757 1374 1104 1425 Masinissam
1151 1372 1343 1421 facere
1389 1371 1709 1436 voluerunt,
1760 1374 2058 1424 Masinissa
2102 1386 2263 1439 agro,

519 1464 586 1513 de
621 1474 730 1525 quo
763 1462 836 1513 lis
871 1465 1010 1523 erat,
1049 1463 1293 1513 cedente.
1362 1462 1472 1511 sed
1508 1461 1681 1525 Gisgo
1718 1461 2054 1513 Hamilcaris
2094 1462 2260 1527 nlius,

516 1552 674 1601 homo
709 1550 1034 1614 seditiosus,
1083 1551 1178 1612 qui
1213 1556 1343 1601 tuno
1378 1550 1434 1599 in
1466 1552 1789 1613 magistratu
1822 1554 1973 1617 erat,
2010 1563 2135 1601 cum
2168 1562 2263 1603 se-

515 1644 676 1691 natus
722 1640 1020 1702 pariturum
1053 1650 1115 1689 se
1153 1639 1357 1688 iudicio
1390 1637 1592 1702 legatis
1626 1640 1879 1703 dixisset,
1926 1641 2009 1690 ita
2052 1639 2262 1690 bellum

442 1728 504 1781 15
519 1729 784 1779 adversus
818 1728 1091 1778 Romanos
1119 1726 1399 1777 suadendo
1432 1728 1749 1791 concitavit,
1786 1732 1845 1777 ut
1878 1726 2113 1795 legatos,
2154 1740 2265 1791 quo

514 1818 690 1867 minus
732 1814 1102 1891 violarentur,
1143 1815 1279 1879 fuga
1312 1815 1652 1878 explicuerit.
1720 1816 1781 1865 ld
1818 1818 2135 1867 nuntiantes
2172 1818 2263 1867 in-

515 1905 712 1957 festum
756 1906 870 1955 iam
919 1907 1164 1954 senatum
1202 1904 1749 1969 Karthaginiensibus
1794 1906 2131 1956 infestiorem
2172 1906 2261 1956 fe-

516 1996 726 2046 cerunt.
793 1995 870 2044 M.
901 1992 1126 2044 Porcius
1161 1989 1298 2042 Cato
1328 1993 1430 2043 iiiii
1464 1995 1518 2043 in
1562 1997 1821 2056 practura
1856 1995 2055 2046 mortui
2088 1997 2333 2047 funustm

517 2082 868 2146 tenuissimo,
919 2083 978 2130 ut
1007 2079 1187 2130 valuit
1221 2085 1375 2140 (nam
1410 2094 1617 2145 pauper
1646 2085 1814 2146 erat),
1845 2087 2067 2145 sumptu
2104 2084 2259 2136 tecit.

438 2165 507 2218 20
519 2167 854 2233 Andriscus,
889 2169 984 2230 qui
1019 2179 1082 2216 se
1115 2168 1303 2219 Persei
1342 2169 1542 2234 fliium,
1580 2173 1731 2235 regis
1765 2173 2033 2235 quondam
2066 2175 2259 2224 Mace-

516 2257 738 2320 doniae,
783 2255 994 2319 ingenti
1037 2259 1447 2308 asseveratione
1479 2261 1827 2328 mentiretur,
1862 2261 2089 2312 Romam
2122 2263 2259 2312 mis-

515 2358 624 2398 sus.
693 2346 767 2396 M.
805 2342 1080 2394 Aemilius
1132 2345 1399 2413 Lepidus,
1454 2350 1546 2411 qui
1600 2351 1859 2411 princeps
1910 2353 2137 2401 senatus
2190 2351 2261 2400 ab

514 2435 685 2486 sextis
723 2434 830 2484 iam
863 2433 1183 2485 censoribus
1221 2439 1343 2486 erat
1378 2435 1575 2503 lectus,
1609 2441 1895 2500 antequam
1930 2440 2333 2506 exspirat-eim>

517 2525 797 2587 praecepit
841 2524 1004 2584 filiis,
1057 2525 1206 2576 lecto
1250 2538 1314 2575 se
1359 2527 1537 2576 strato
1580 2524 1793 2589 linteis,
1846 2527 1965 2576 sine
2014 2539 2261 2590 purpura

437 2613 504 2665 25
519 2613 810 2679 efferrent3
851 2616 907 2664 in
941 2615 1209 2678 reliquum
1249 2615 1413 2668 funus
1444 2624 1513 2663 ne
1550 2613 1675 2674 plus
1710 2627 1868 2677 quam
1904 2615 2049 2666 aeris
2088 2617 2260 2669 denos

512 2707 924 2754 consumerent:
972 2704 1264 2768 imaginum
1302 2702 1517 2766 specie,
1564 2713 1669 2753 non
1706 2704 2012 2766 sumptibus
2048 2704 2257 2755 nobili-

514 2792 619 2841 tari
664 2804 980 2856 magnorum
1033 2795 1279 2842 virorum
1332 2792 1525 2841 funera
1576 2790 1771 2842 solere.
1841 2794 1923 2844 De
1968 2793 2254 2845 veneficiis

512 2880 834 2942 quaesitum.
902 2880 1148 2931 Publicia
1181 2883 1238 2930 et
1274 2880 1517 2943 Licinia,
1554 2879 1770 2930 nobiles
1807 2881 2074 2949 feminae,
2110 2894 2251 2946 quae

511 2965 664 3016 viros
698 2979 828 3018 suos
870 2968 1190 3020 consulares
1239 2979 1469 3018 necasse
1504 2965 1985 3033 insimulabantur,
2034 2972 2259 3034 cognita

439 3049 506 3102 30
519 3063 710 3120 causa,
761 3067 880 3107 cum
917 3059 1159 3121 praetori
1193 3068 1295 3120 pro
1330 3067 1394 3107 se
1430 3053 1601 3106 vades
1636 3053 1943 3123 dedissent,
1983 3064 2253 3124 cognato-

607 3256 670 3298 Μ.
711 3256 872 3307 Rasin]
905 3257 1172 3298 Pannonian
1207 3256 1307 3296 iibri
1342 3257 1427 3296 οὐκ
1450 3256 1599 3298 usecia.
1632 3279 1675 3290 -
1726 3258 1790 3302 8⁶.
1826 3257 1973 3310 daos]
2000 3259 2252 3302 Vocabulum

512 3331 758 3378 corruptum.
795 3325 910 3368 tort.
937 3324 1016 3366 fuit
1039 3325 1114 3374 D„
1143 3325 1387 3376 quingentos
1411 3326 1639 3366 sestertios.
1666 3324 1739 3368 Oa.
