2525 3925
637 308 924 360 anLUM
955 309 1472 362 IUGUR'I'HINUM.
1850 314 1921 362 89
2022 307 2029 313 ”

287 458 371 506 39.
431 458 536 506 Sed
574 457 666 507 ubi
697 469 764 506 ea
798 456 1005 506 Romae
1039 461 1299 518 conperta
1333 461 1490 523 sunt,
1544 462 1718 509 melus
1756 463 1921 523 atque

183 558 402 595 maeror
437 547 714 595 civitatem
751 547 1020 594 invasere.
1068 549 1203 595 Pars
1239 545 1428 596 dolere
1463 558 1563 607 pro
1598 547 1779 611 gloria
1811 552 1921 598 im-

183 636 333 696 peri,
391 648 520 697 pars
571 633 795 682 insolita
848 646 1028 682 rerum
1078 633 1394 683 bellicarum
1437 635 1630 684 timere
1663 637 1922 704 libertati,

183 723 331 772 Aulo
367 735 550 773 ornnes
584 723 810 785 infesti,
831 735 898 771 ac
930 734 1200 787 maxume,
1251 728 1342 788 qui
1379 727 1524 775 bello
1559 738 1726 787 saepe
1759 739 1922 788 prae-

185 811 326 862 clari
352 813 586 878 fuerant,
619 811 758 873 quod
789 815 1025 860 armatus
1051 811 1318 862 dedecore
1353 816 1531 876 potius
1567 827 1725 877 quam
1761 820 1962 871 manu5

184 899 790 962 salutem'quaesiverat.
815 899 895 949 Ob
913 911 978 949 ea
997 900 1188 949 consul
1199 901 1428 950 Albinus
1442 915 1510 951 ex
1521 903 1720 953 delicto
1733 903 1922 952 fratris

187 989 447 1037 invidiam
472 1001 539 1037 ac
561 987 751 1037 deinde
779 988 1072 1048 periculum
1101 991 1314 1052 timens,
1339 994 1584 1061 senatum
1609 993 1677 1040 de
1701 990 1923 1041 foedere

185 1076 538 1140 consulebat,
591 1081 648 1125 et
694 1083 869 1126 tamen
919 1078 1135 1127 interim
1189 1080 1453 1128 exercitui
1495 1079 1923 1142 supplementum

185 1165 466 1228 scribere,
506 1167 574 1215 ab
609 1166 776 1215 sociis
811 1170 867 1214 et
900 1167 1112 1215 nomine
1147 1167 1345 1216 Latino
1380 1167 1587 1217 auxilia
1618 1180 1921 1234 accersere,

188 1253 424 1314 denique
471 1254 710 1304 omnibus
746 1254 916 1303 modis
949 1255 1226 1305 festinare.
1298 1257 1531 1306 Senatus
1564 1257 1671 1322 ita,
1708 1259 1787 1306 uti
1821 1263 1999 1318 parm

184 1341 389 1404 fuerat,
413 1342 674 1407 decernit,
701 1354 801 1391 suo
827 1347 988 1404 atque
1012 1342 1194 1405 populi
1219 1345 1427 1393 iniussu
1450 1345 1658 1403 nullum
1682 1347 1923 1406 potuisse

183 1429 378 1478 foedus
413 1429 546 1479 fieri.
600 1427 800 1480 Consul
834 1431 1106 1492 inpeditus
1128 1445 1162 1481 a
1187 1434 1416 1483 tribunis
1439 1433 1637 1500 plebis,
1673 1446 1759 1502 ne,
1792 1448 1925 1497 quas

185 1522 482 1580 paraverat
534 1521 754 1582 copias,
807 1532 994 1568 secum
1047 1522 1324 1586 portaret,
1382 1522 1571 1583 paucis
1630 1523 1817 1573 diebus
1866 1524 1924 1571 in

184 1607 430 1657 Africam
477 1605 867 1670 proficiscitur3
919 1619 1041 1656 nam
1089 1609 1262 1657 omnis
1306 1611 1609 1672 exercitus,
1663 1611 1742 1658 uti
1790 1621 1925 1660 con-

184 1698 449 1757 venerat,
507 1695 760 1744 Numidia
817 1695 1109 1759 deductuS,
1175 1697 1232 1744 in
1291 1699 1578 1758 provincia
1636 1697 1998 1756 hiemabat.15

183 1777 473 1845 Postquam
515 1796 583 1833 eo
626 1784 812 1844 venit,
867 1793 1183 1846 quamquam
1231 1787 1488 1846 persequi
1520 1784 1835 1847 Iugurtham
1871 1789 1926 1835 et

184 1873 395 1922 mederi
429 1873 713 1921 fraternae
749 1871 988 1920 invidiae
1023 1874 1208 1921 animo
1243 1871 1501 1939 ardebat,
1554 1873 1790 1935 cognitis
1823 1875 1929 1923 mi·-

182 1962 404 2025 litibus,
460 1974 595 2024 quos
640 1965 862 2023 praeter
910 1960 1124 2028 fugam,
1176 1959 1360 2010 soluto
1407 1963 1667 2026 imperio,
1701 1960 1928 2013 licentia

184 2052 351 2111 atque
384 2050 623 2102 lascivia
659 2054 1012 2115 corruperat,
1061 2062 1130 2099 ex
1177 2050 1337 2113 copia
1378 2046 1559 2100 rerum
1596 2052 1789 2101 statuit
1820 2052 1927 2101 sibl

72 2172 82 2181 .
181 2138 322 2188 nihil
357 2128 687 2202 agitandum.
1043 2143 1047 2150 '
1935 2148 2004 2198 20

296 2226 390 2275 40.
433 2229 656 2277 Interim
692 2228 897 2277 Romae
932 2223 991 2277 C.
1026 2228 1301 2278 Mamilius
1336 2215 1662 2278 Limetanus
1685 2228 1933 2278 tribunus

183 2314 361 2377 plebis
407 2316 745 2379 rogationem
799 2315 865 2366 ad
912 2316 1165 2388 populum
1210 2316 1559 2381 promulgat,
1622 2319 1704 2366 uti
1756 2329 1929 2379 quae-

185 2408 406 2453 reretur
436 2404 492 2451 in
531 2415 644 2469 eos,
677 2416 908 2466 quorum
941 2405 1172 2454 consilio
1196 2406 1458 2466 Iugurtha
1493 2406 1670 2455 senati
1708 2404 1929 2454 decreta

188 2488 556 2554 neglegisset,
608 2493 807 2553 quique
841 2493 908 2542 ab
946 2504 1013 2541 eo
1047 2493 1104 2539 in
1137 2490 1506 2552 legationibus
1548 2496 1644 2542 aut
1685 2494 1929 2556 imperiis

188 2580 451 2641 pecunias
493 2580 866 2646 accepissent,
921 2578 1016 2641 qui
1066 2577 1384 2639 elephantos
1428 2580 1621 2641 quique
1666 2582 1923 2644 perfugas
1938 2583 2005 2635 25

189 2668 599 2730 tradidissent,
629 2667 759 2716 item
802 2669 892 2730 qui
937 2668 1004 2716 de
1044 2678 1180 2729 pace
1215 2672 1312 2717 aut
1348 2666 1495 2717 bello
1530 2678 1651 2717 cum
1688 2668 1929 2719 hostibus

185 2758 472 2821 pactiones
506 2755 781 2805 fecissent.
853 2756 992 2804 Huic
1029 2757 1301 2818 rogationi
1337 2757 1534 2817 partim
1570 2757 1775 2807 conscii
1810 2756 1930 2817 sibi,

187 2847 288 2899 alii
323 2859 392 2895 ex
434 2846 672 2907 partium
723 2843 933 2893 invidia
982 2832 1230 2906 pericula
1284 2846 1619 2908 metuentes,
1675 2846 1935 2907 quoniam
1978 2890 1983 2894 .

189 2940 380 2999 aperte
413 2936 678 2984 resistere
713 2945 821 2983 non
875 2935 1152 2995 poterant,
1209 2934 1340 2994 quin
1390 2933 1491 2983 illa
1536 2936 1591 2984 et
1638 2933 1750 2985 alia
1799 2933 1933 2985 talia

190 3024 415 3088 placere
447 3023 552 3073 sibi
592 3024 922 3088 faterentur,
958 3020 1176 3090 occulte
1206 3031 1305 3084 per
1337 3023 1544 3072 amicos
1576 3034 1644 3074 ac
1677 3034 1928 3073 maxume
1940 3026 2004 3078 ΞΠ

287 3239 329 3277 8.
357 3240 533 3276 nerem
557 3236 610 3276 K.
633 3260 676 3269 -
710 3236 774 3277 1⁰.
803 3236 931 3275 nodi·
955 3234 1133 3274 ωιιοιίὄιιο
1155 3236 1209 3276 Κ.
1228 3257 1273 3268 -
1312 3236 1374 3276 ¹9.
1403 3237 1556 3275 anim
1580 3236 1632 3277 Κ.
1657 3257 1706 3266 -
1745 3237 1806 3277 19.
1831 3236 1936 3278 ιὲδίιῐ

186 3304 269 3345 om
289 3307 341 3347 V.
367 3325 417 3336 ·—
463 3305 528 3345 n.
554 3304 712 3345 taem-
736 3305 789 3344 it.
820 3327 867 3336 —
919 3304 1139 3344 animm
1161 3305 1213 3345 V.
1241 3325 1289 3343 «-
1336 3306 1400 3346 u.
1428 3304 1664 3355 neylna‘uaet
1684 3304 1735 3343 V.
