2525 3925
586 321 656 369 18
1126 311 1183 365 O.
1217 311 1520 367 SALUSTI
1552 309 1789 365 cmsm

587 476 770 517 corum
819 462 926 513 fide
989 462 1255 525 sumptam
1320 466 1553 513 mutuam
1612 458 1879 511 Faesulas
1940 456 2011 509 ad
2062 456 2335 509 Manlium

585 552 855 616 quendam
889 554 1140 619 portare,
1197 552 1291 614 qui
1342 554 1533 613 postea
1581 550 1838 612 princeps
1879 548 1983 599 fuit
2017 546 2151 597 belli
2183 546 2336 597 faci-

586 643 734 692 undi.
790 640 870 691 Ea
902 641 1223 703 tempestate
1260 640 1525 701 plurimos
1558 639 1859 700 quoiusque
1896 637 2118 699 generis
2153 636 2334 685 homi-

586 740 686 781 nes
719 730 1018 780 adscivisse
1046 729 1150 779 sibi
1173 729 1395 795 dieitur,
1430 727 1687 777 mulieres
1722 727 1885 775 etiam
1920 724 2151 788 aliquot,
2190 736 2337 786 quae

545 818 762 880 5primo
816 818 1053 880 ingentis
1107 819 1351 879 sumptus
1402 819 1591 877 stupro
1642 814 1889 877 corporis
1942 813 2341 877 toleraverant,

588 908 714 969 post
756 906 847 955 ubi
899 907 1056 954 aetas
1109 905 1473 955 tantummodo
1540 903 1788 966 quaestui
1846 913 2025 964 neque
2078 900 2339 953 luxuriae

584 993 802 1045 modum
835 992 1078 1057 fecerat,
1124 1005 1218 1043 aes
1253 992 1487 1043 alienum
1524 990 2155 1055 grandefflouflaverant.
2224 991 2339 1039 Per

587 1093 684 1131 eas
731 1092 795 1131 se
828 1077 1064 1131 Catilina
1114 1082 1373 1132 credebat
1420 1092 1583 1143 posse
1635 1080 1864 1129 servitia
1916 1080 2122 1129 urbana
2172 1076 2340 1129 solli-

591 1168 799 1235 citare,
849 1170 1036 1219 urbem
1081 1170 1407 1235 incendere,
1459 1170 1610 1217 viros
1662 1180 1846 1217 earum
1895 1166 1989 1217 vel
2035 1168 2339 1231 adiungere

517 1257 697 1309 losibi
732 1257 826 1307 vel
859 1257 1187 1307 interlicere.

695 1345 784 1394 25.
838 1346 950 1397 Sed
982 1347 1040 1395 in
1076 1346 1160 1397 his
1211 1349 1335 1396 erat
1367 1346 1719 1409 Sempronia,
1778 1357 1921 1407 quae
1958 1344 2131 1395 multa
2164 1356 2337 1406 saepe

589 1434 770 1484 virilis
807 1434 1067 1485 audaciae
1103 1434 1353 1485 facinora
1396 1436 1741 1485 conmiserat.
1812 1435 1963 1483 Haec
2002 1434 2201 1483 mulier
2236 1444 2343 1497 ge-

586 1534 720 1573 nere
745 1526 910 1586 atque
932 1524 1125 1587 forma,
1161 1530 1450 1585 praeterea
1485 1524 1624 1589 viro,
1657 1522 1848 1572 liberis
1883 1524 2019 1573 satis
2052 1523 2339 1573 fortunata

587 1611 724 1675 fuit3
758 1611 962 1662 litteris
996 1613 1224 1663 Graecis
1261 1614 1320 1660 et
1354 1613 1565 1661 Latinis
1601 1612 1791 1677 docta,
1830 1610 2091 1676 psallere,
2124 1610 2337 1661 saltare

516 1699 930 1766 15elegantius‚
969 1713 1128 1763 quam
1159 1711 1391 1749 necesse
1426 1702 1510 1759 est
1544 1700 1781 1761 probae,
1816 1699 1985 1749 multa
2020 1699 2157 1763 alia,
2196 1711 2341 1761 quae

587 1788 948 1839 instrumenta
980 1788 1231 1840 luxuriae
1265 1790 1409 1837 sunt.
1462 1786 1571 1837 Sed
1594 1789 1647 1837 ei
1672 1788 1891 1837 curiora
1912 1800 2126 1850 semper
2156 1790 2341 1837 omnia

591 1888 752 1938 quam
786 1877 952 1927 decus
997 1881 1162 1939 atque
1217 1876 1483 1939 pudicitia
1530 1876 1667 1941 fuit3
1720 1877 1984 1939 pecuniae
2034 1888 2105 1925 an
2155 1874 2337 1925 famae

585 1965 764 2014 minus
803 1969 1086 2030 parceret,
1139 1966 1283 2016 haud
1331 1966 1500 2015 facile
1552 1965 1892 2016 discerneres
1900 1980 1921 2030 3
1976 1965 2216 2016 lubidine
2252 1967 2337 2016 sic

588 2063 852 2119 accensa,
886 2057 946 2102 ut
980 2055 1201 2114 saepius
1237 2057 1457 2116 peteret
1488 2055 1641 2104 viros
1682 2065 1841 2115 quam
1874 2055 2169 2116 peteretur.
2224 2055 2363 2104 sed·

513 2140 581 2192 20
594 2149 660 2188 ea
683 2151 850 2202 saepe
879 2143 1112 2192 antehac
1133 2141 1294 2190 fidem
1318 2141 1650 2208 prodiderat,
1686 2142 1948 2208 creditum
1970 2142 2343 2209 abiuraverat‚

589 2228 772 2276 caedIs
825 2229 1048 2280 conscia
1091 2230 1305 2296 fuerat,
1354 2229 1575 2282 luxuria
1622 2233 1787 2292 atque
1832 2231 2019 2294 inopia
2066 2242 2339 2294 praeceps

588 2315 814 2366 abierat.
885 2317 1093 2368 Verum
1139 2319 1419 2382 ingenium
1452 2321 1569 2368 eius
1616 2320 1755 2368 haud
1792 2319 2077 2370 absurdum
2096 2335 2115 2384 3
2170 2333 2339 2382 posse

588 2417 786 2456 versus
822 2405 1028 2471 facere,
1063 2408 1243 2456 iocum
1280 2419 1519 2475 movere,
1554 2420 1805 2457 sermone
1841 2409 1921 2457 uti
1956 2409 2052 2458 vel
2087 2410 2338 2460 modesto

588 2491 682 2540 vel
713 2493 871 2542 molli
906 2494 998 2544 vel
1035 2497 1258 2557 procaci
1268 2511 1288 2561 3
1345 2508 1571 2559 prorsus
1602 2496 1805 2546 multae
1836 2497 2071 2548 facetiae
2104 2497 2339 2550 multus-

513 2584 578 2636 25
595 2593 701 2644 que
735 2580 892 2644 lepos
928 2583 1122 2635 inerat.
1312 2579 1349 2602 ⁴

691 2669 778 2720 26.
833 2672 930 2722 His
981 2675 1143 2724 rebus
1192 2675 1522 2736 comparatis
1560 2669 1797 2724 Catilina
1840 2674 2011 2726 nihilo
2062 2675 2239 2726 minus
2276 2677 2337 2726 in

689 2823 725 2863 1.
753 2829 883 2862 mutuo
909 2825 961 2863 V.
991 2844 1039 2854 -—
1087 2824 1125 2864 4.
1154 2837 1230 2863 om.
1258 2824 1336 2862 niba·
1360 2823 1411 2866 K.
1442 2850 1486 2858 -
1523 2827 1563 2865 8.
1594 2838 1674 2866 om.
1707 2826 1883 2865 Caula'na
1906 2825 1958 2864 V.
1987 2849 2031 2858 -
2078 2827 2138 2867 18.
2168 2827 2337 2879 liberis]

587 2890 741 2929 Fronto
755 2891 831 2930 13:21.
849 2893 968 2930 Rom.
995 2905 1041 2944 p.
1057 2891 1140 2932 165.
1155 2893 1208 2931 V.
1237 2897 1355 2943 aeque
1380 2892 1517 2931 liberis
1534 2892 1587 2934 K.
1620 2895 1796 2945 [atque]
1822 2895 1958 2934 liberte
1983 2895 2033 2934 Gr.
2053 2917 2099 2928 -·
2122 2896 2185 2937 14.
2216 2903 2337 2948 aeque

587 2956 743 2996 Latinis
756 2959 809 2998 Κ.
828 2982 872 2991 -
895 2960 1085 3008 psallere,
1110 2961 1291 3011 saltare]
1316 2962 1483 3002 Fronto.
1507 2964 1685 3002 eortius.
1710 2964 1886 3013 psallet-e
1911 2969 1951 3002 et
1974 2965 2127 3003 saltare
2150 2965 2199 3005 V.
2213 2967 2261 3005 G.
2278 2965 2333 3005 K.

586 3023 821 3075 (Verebar,
859 3039 910 3065 ne
943 3028 986 3066 in
1025 3028 1092 3066 his
1117 3030 1333 3079 Excerptis
1360 3030 1605 3071 Salustianis
1644 3033 1779 3070 Maius
1817 3034 2044 3084 compendii
2080 3045 2201 3072 causa
2235 3047 2337 3074 usus

588 3099 701 3132 esset
715 3093 907 3133 aditione
923 3096 1123 3142 Curtium
1151 3097 1224 3136 sed
1249 3097 1325 3136 hac
1352 3100 1587 3149 suspicione
1613 3113 1703 3140 eum
1728 3101 1890 3140 absolvi
1917 3102 2041 3142 didici
2066 3115 2117 3142 ex
2133 3103 2230 3154 Cap.
2250 3105 2334 3152 ³1„

588 3161 659 3202 ubi
683 3155 838 3200 tiu-den
865 3174 916 3201 ex
940 3163 1160 3203 Frontonis
1187 3165 1338 3206 codice
1364 3167 1529 3206 exhibet
1555 3181 1627 3218 pro
1646 3169 1778 3210 Corui
1803 3169 1979 3220 tollere).
2012 3193 2057 3202 -—
2097 3172 2157 3210 1⁵.
2182 3171 2336 3221 probae

588 3229 745 3350 ηηάἰὲνι·
775 3231 830 3270 V.
867 3251 918 3262 -
982 3231 1039 3271 16.
1078 3244 1156 3271 om.
1195 3241 1284 3274 sime
1320 3237 1352 3276 1⁴·
1355 3242 1485 3276 fonto.
1523 3237 1700 3279 eortius.
1730 3260 1774 3270 ·-
1814 3250 1964 3287 semper
2000 3240 2159 3278 cariora
2194 3241 2245 3280 V.
2292 3264 2335 3278 --

589 3297 648 3340 17.
699 3309 790 3337 uere
812 3299 866 3338 V.

233 3667 857 3880 sta
1206 3655 1391 3884 ”a
