2525 3925
605 289 675 341 16
889 304 900 311 ·
1149 286 1208 339 C.
1246 286 1549 339 SALUS'H
1582 283 1814 339 clusin

605 436 740 501 ulla,
777 434 994 485 tametsi
1025 433 1139 485 illis
1177 436 1361 497 quieta
1400 446 1623 485 movere
1656 446 1855 499 magna
1886 444 2097 487 merces
2120 434 2357 485 videba-

609 532 729 592 tur,
765 528 942 575 tamen
977 522 1329 585 postulavere
1365 522 1635 586 plerique,
1690 525 1769 573 uti
1806 524 2159 586 proponeret,
2212 536 2361 585 quae

607 614 854 665 condicio
887 611 1018 663 belli
1053 614 1227 676 foret,
1263 624 1403 674 quae
1434 614 1679 673 praemia
1710 614 1875 661 armis
1910 614 2184 675 peterent,
2224 614 2357 673 quid

609 704 800 765 ubique
835 704 954 771 opis
989 703 1084 751 aut
1133 702 1253 762 spei
1303 700 1576 750 baberent.
1654 701 1787 749 'llum
1818 697 2055 751 Catilina
2100 698 2361 761 polliceri

566 788 826 842 5tabulas
863 802 1065 852 novas,
1102 790 1551 851 proscriptionem
1580 786 1951 851 locupletium,
1984 789 2362 856 magistratus,

607 879 946 943 sacerdotia,
996 879 1216 940 rapinas
1237 912 1254 945 ,
1306 878 1421 927 alia
1469 879 1699 943 omnia,
1736 888 1875 938 quae
1930 875 2133 927 bellam
2188 880 2361 939 atque

606 967 792 1017 lubido
827 968 1099 1016 victorum
1135 966 1259 1015 fert.
1328 966 1625 1015 Praeterea
1664 978 1787 1015 esse
1822 966 1881 1013 in
1914 965 2177 1027 Hispania
2210 966 2359 1017 clte-

605 1057 756 1105 riore
788 1055 1061 1117 Pisonem,
1120 1055 1176 1103 in
1214 1055 1559 1103 Mauretania
1602 1066 1722 1103 cum
1759 1056 2005 1104 exercitu
2038 1054 2096 1101 P.
2132 1054 2358 1111 Sittium

518 1160 522 1165 ·
609 1143 972 1207 Nucerinum,
1023 1141 1218 1191 consili
1257 1143 1343 1191 sui
1388 1143 1681 1204 participes
1695 1157 1715 1207 3
1768 1145 1955 1203 petere
2008 1141 2359 1191 consulatum

534 1226 601 1287 10
617 1233 683 1283 G.
719 1232 1044 1295 Antonium,
1096 1241 1248 1291 quem
1285 1231 1393 1279 sibi.
1428 1229 1702 1294 collegam
1752 1232 1871 1281 fore
1918 1236 2200 1298 speraret,
2254 1231 2359 1280 lio-

607 1322 806 1371 minem
827 1323 884 1369 et
905 1317 1228 1367 familiarem
1253 1320 1309 1367 et
1334 1320 1574 1369 omuibus
1600 1320 2092 1370 necessitudinibus
2118 1322 2358 1369 circum-

610 1412 832 1459 ventum
845 1422 864 1471 3
913 1420 1032 1456 cum
1071 1419 1136 1456 eo
1173 1419 1234 1455 se
1274 1406 1553 1457 consulem
1588 1409 1800 1459 initium
1836 1406 2039 1470 agundi
2066 1409 2357 1458 facturum.

608 1498 695 1547 Ad
725 1498 828 1545 hoo
865 1495 1166 1547 maledictis
1201 1496 1449 1557 increpat
1482 1498 1655 1545 omnis
1692 1498 1893 1561 bonos,
1930 1508 2148 1547 suorum
2190 1508 2357 1546 unum

610 1596 871 1648 quemque
910 1585 1190 1633 nominans
1229 1583 1489 1647 laudare3
1526 1586 1848 1635 admonebat
1884 1582 2047 1635 alium
2072 1586 2361 1650 egestatis,

537 1675 599 1727 15
614 1674 779 1724 alium
803 1673 1113 1734 cupiditatis
1134 1684 1283 1736 suae,
1322 1672 1611 1735 compluris
1640 1672 1869 1733 periculi
1892 1674 1987 1723 aut
2006 1673 2361 1740 ignominiae,

607 1763 808 1813 multos
845 1762 1110 1811 victoriae
1157 1761 1451 1827 Sullanae,
1509 1761 1697 1822 quibus
1752 1774 1819 1811 ea
1867 1759 2103 1822 praedae
2154 1762 2356 1813 fuerat.

611 1852 900 1913 Postquam
938 1852 1172 1909 omnium
1205 1852 1413 1901 animos
1444 1850 1645 1901 alacris
1683 1850 1865 1916 videt,
1914 1850 2263 1915 cohortatus,
2296 1852 2359 1899 ut

609 1940 924 2002 petitionem
958 1950 1109 1989 suam
1149 1950 1315 1990 curae
1350 1940 1639 2003 haberent,
1679 1942 2003 1990 conventum
2040 1938 2257 1991 dimisit.

709 2027 800 2076 22.
855 2027 1034 2076 Fuere
1084 2039 1150 2078 ea
1204 2031 1522 2090 tempestate
1570 2029 1660 2090 qui
1714 2030 1988 2092 dicerent,
2047 2026 2358 2091 Catilinam,

533 2116 860 2174 zooratione
883 2117 1085 2178 habita,
1123 2128 1279 2177 quom
1304 2117 1373 2165 ad
1408 2117 1777 2166 iusiurandum
1812 2115 2091 2178 popularis
2124 2115 2361 2166 sceleris

608 2205 696 2260 sui
730 2204 1006 2268 adigeret,
1051 2205 1266 2254 humani
1310 2206 1555 2266 corporis
1590 2205 1909 2267 sanguinem
1947 2205 2074 2254 vino
2113 2205 2360 2266 permix-

611 2298 722 2344 tum
759 2295 816 2343 in
854 2294 1057 2354 pateris
1097 2291 1496 2345 circumtulisse
1506 2308 1525 2356 3
1579 2294 1704 2342 inde
1743 2305 1899 2355 quom
1936 2295 2061 2355 post
2096 2304 2359 2344 exsecra-

611 2383 810 2432 tionem
835 2393 1019 2432 omnes
1044 2381 1501 2447 degustavissent,
1534 2383 1700 2433 sicuti
1722 2384 1781 2430 in
1802 2381 2153 2448 sollemnibus
2180 2383 2359 2432 sacris

609 2470 730 2520 fieri
781 2470 1104 2531 consuevit»,
1161 2469 1447 2532 aperuisse
1502 2471 1789 2520 consilium
1838 2481 2039 2534 suum,
2079 2473 2240 2531 atque
2290 2482 2361 2520 eo

533 2564 598 2618 25
613 2558 926 2618 [dictitare]
969 2558 1198 2621 fecisse,
1235 2570 1339 2619 quo
1370 2559 1517 2611 iuter
1546 2571 1608 2608 se
1647 2559 1821 2620 magis
1852 2558 1945 2606 fidi
1978 2559 2179 2622 forent,
2214 2557 2362 2608 alius

609 2648 707 2700 alii
749 2648 886 2698 tanti
933 2647 1195 2699 facinoris
1247 2648 1470 2696 conscii.
1540 2646 1803 2697 Nonnulli
1852 2645 1979 2696 ficta
2010 2651 2083 2696 :et
2129 2647 2267 2698 haee
2300 2649 2360 2696 et

538 2736 776 2816 &multa
807 2737 1094 2798 praeterea
1129 2736 1527 2786 existumabant
1560 2738 1628 2786 ab
1667 2737 1765 2798 iis,
1818 2736 1908 2796 qui
1945 2732 2227 2786 Ciceronis
2262 2737 2357 2786 in·

581 2824 826 2891 ‚vidiam,
863 2837 1000 2886 quae
1025 2826 1214 2886 postea
1243 2827 1367 2874 orta
1400 2827 1503 2891 est,
1534 2823 1698 2874 leniri
1734 2825 2027 2876 credebant
2062 2825 2358 2874 atrocitate

427 2687 530 2758 χ

705 3011 744 3050 2.
770 3010 972 3059 postulare
997 3010 1049 3050 K.
1078 3029 1128 3039 —-
1164 3011 1203 3050 8.
1233 3009 1493 3049 Mauritania
1518 3010 1568 3050 V.
1602 3033 1645 3042 --
1680 3011 1731 3052 P.
1758 3010 1903 3049 Sinum
1928 3009 1977 3050 V.
2006 3029 2055 3038 —-
2106 3010 2168 3049 1³.
2198 3021 2285 3048 eum
2312 3022 2355 3048 eo

609 3077 764 3118 conside
791 3079 839 3118 V.
871 3101 916 3110 —
955 3079 1016 3120 13.
1045 3077 1277 3128 increpabat
1300 3080 1349 3120 V.
1376 3099 1428 3108 -·
1479 3080 1539 3119 14.
1570 3078 1757 3120 mdabat
1781 3080 1829 3120 V.
1856 3098 1905 3107 ·-
1940 3079 2005 3118 21.
2034 3077 2210 3118 adiceret
2236 3079 2288 3118 G.
2312 3101 2355 3109 —

609 3147 672 3188 25.
703 3147 891 3186 dictitare
918 3148 1008 3186 sine
1032 3148 1150 3186 uncis
1173 3147 1228 3187 Κ.
1257 3148 1307 3187 θ.
1338 3147 1522 3186 dictitant
1536 3148 1586 3188 V.
1616 3148 1773 3196 (Codd.
1802 3147 1897 3197 aliq.
1926 3147 2075 3188 dictam
2095 3145 2359 3193 ‚rem-dictae

609 3228 674 3256 res
699 3218 805 3268 cet.)
835 3239 878 3247 —
903 3216 966 3256 26.
995 3217 1174 3254 comesus
1200 3217 1249 3256 V.
1278 3236 1329 3246 --
1354 3229 1435 3258 om.
1464 3222 1502 3256 ot
1526 3221 1617 3257 ante
1642 3229 1685 3258 v.
1712 3215 1812 3258 hooc
1838 3217 1885 3256 V.
1911 3237 1961 3246 —-
1983 3215 2045 3256 87.
2074 3213 2361 3254 aestimabant

611 3296 694 3324 cue
719 3283 770 3328 V.
797 3305 847 3316 —-
885 3285 964 3335 ι’ἰε]
990 3285 1040 3326 V.
1068 3283 1130 3323 bis
1155 3284 1208 3325 K.
1239 3286 1291 3325 G.

1021 3704 2509 3925 {i—-je
