2525 3925
594 314 709 367 204
939 318 1014 366 M.
1048 312 1288 364 TULLII
1325 308 1701 363 CICERONIS
1737 309 2008 363 ORA'HO

596 475 749 526 spem
793 460 1077 514 abiiceret.
1145 461 1231 512 Ac
1280 472 1403 513 cum
1437 457 1582 510 ΧΠ.
1619 458 1754 509 Kal.
1790 458 1936 510 Nov.
1972 461 2212 511 senatus
2243 460 2340 511 de-

598 551 897 615 crevisset,
947 552 1155 601 darent
1190 562 1420 615 operam
1456 546 1610 601 Coss.
1619 583 1640 614 ,
1692 562 1766 599 ne
1806 546 1940 613 quid
1972 560 2069 598 res
2109 547 2342 612 publica

597 638 919 692 detrimenti
965 630 1222 704 caperet,
1285 636 1383 687 ille
1431 639 1690 688 extrema
1736 635 1988 700 experiri
2032 638 2091 687 et
2137 636 2342 687 bellum

594 727 790 792 facere
826 725 1134 778 constituit.
1205 724 1432 779 Primus
1463 738 1630 777 arma
1665 727 1868 776 contra
1901 736 2024 778 rem
2049 722 2342 789 publicam

596 814 770 868 movit
796 814 855 867 G.
880 812 1132 866 Manlius
1155 814 1432 865 Faesulas
1461 812 1677 865 missus.
1748 814 1878 877 Ipse
1905 812 2168 865 Catilina
2205 828 2338 864 cou-

594 904 802 957 iuratis
851 902 911 954 in
956 904 1179 955 Laecae
1222 903 1384 953 domo
1430 900 1667 953 consilia
1713 902 1881 953 noctu
1921 900 1962 963 s
1965 901 2060 953 71.
2102 904 2160 953 et
2207 900 2337 951 711.

595 994 684 1045 Id.
716 991 897 1055 Νου.)
934 990 1175 1055 aperuit.
1248 990 1395 1042 Hinc
1429 992 1658 1041 senatus
1693 992 1948 1041 consulto
1989 988 2051 1051 Q.
2074 990 2340 1043 Marcius

596 1082 726 1132 Rem
756 1083 815 1131 et
840 1080 900 1140 Q.
923 1080 1188 1130 Metellus
1221 1077 1494 1145 Creticus,
1533 1077 1627 1142 qui
1661 1080 1830 1129 erant
1862 1079 1940 1129 ad
1973 1078 2180 1130 Urbem
2215 1092 2334 1131 cum

599 1168 886 1233 exercitu,
935 1166 995 1217 in
1041 1166 1340 1232 Apuliam,
1385 1169 1684 1231 praetores
1721 1166 1784 1227 Q.
1819 1166 2122 1231 Pompeius
2155 1165 2337 1231 Rufus

602 1256 853 1321 Capuam
862 1290 883 1321 ,
936 1254 998 1317 Q.
1032 1254 1300 1307 Metellus
1337 1253 1502 1307 G'eler
1545 1254 1605 1305 in
1651 1268 1853 1321 aarum
1884 1254 2164 1309 Picenum·
2185 1256 2340 1307 missi

597 1348 761 1413 sunt,
796 1357 903 1409 per
944 1346 1123 1396 totam
1152 1344 1338 1394 autem
1380 1344 1580 1395 Urbem
1605 1342 1838 1410 viqiliae
1867 1343 2111 1395 habitae.
2167 1343 2337 1395 Post-

596 1444 764 1499 quam
806 1446 943 1485 vero
992 1446 1045 1483 a.
1082 1433 1135 1485 d.
1179 1431 1312 1481 711.
1348 1432 1439 1484 Id.
1473 1432 1619 1485 Nov.
1659 1430 1856 1484 Cicero
1901 1431 2144 1484 insidias
2199 1432 2338 1499 effu-

597 1522 765 1587 9erat
814 1519 1143 1586 Varqunteii
1192 1522 1248 1571 et
1299 1518 1546 1572 Cornelii
1593 1534 1700 1585 per
1745 1534 1976 1573 causam
2021 1523 2338 1573 matutinae

598 1607 961 1661 salutationis
990 1608 1215 1662 caedem
1242 1608 1354 1674 ipsi
1382 1609 1744 1677 molientium,
1777 1624 1834 1661 a.
1857 1610 1912 1661 d.
1945 1611 2044 1661 71.
2071 1609 2170 1661 Id.
2195 1610 2335 1662 Noc.

596 1699 657 1748 in
692 1699 899 1763 templo
932 1696 1088 1749 Iovis
1130 1700 1386 1750 senatum
1427 1698 1636 1750 babuit.
1706 1699 1780 1749 In
1819 1708 1975 1763 quem
2009 1710 2142 1750 cum
2179 1698 2336 1750 Cati·-

598 1787 718 1839 lina
751 1786 943 1838 venire
978 1800 1149 1839 ausus
1184 1788 1360 1855 esset,
1408 1787 1712 1851 primam
1759 1786 1818 1838 in
1862 1800 1984 1838 eum
2039 1788 2334 1839 oratio-

595 1890 742 1927 nem
788 1875 967 1943 dimit,
1017 1875 1172 1941 eique
1207 1874 1420 1942 suasit,
1469 1878 1535 1927 ut
1575 1875 1720 1927 Urbe
1760 1874 1959 1927 eoeiret.
2032 1874 2172 1940 Ipse
2205 1888 2332 1927 vero

597 1968 889 2018 senatores
932 1968 1232 2030 precatus,
1281 1979 1350 2015 ne
1397 1964 1530 2028 quid
1565 1966 1774 2016 temere
1818 1967 1888 2016 de
1923 1979 1984 2018 se
2021 1966 2332 2030 crederent,

602 2065 789 2104 omnes
814 2055 1000 2104 autem
1023 2052 1127 2104 sibi
1154 2053 1474 2117 obstrepere
1497 2051 1874 2120 conspicatus,
1903 2053 2162 2105 minatur
2183 2067 2339 2105 suum

598 2139 911 2192 incendium
958 2140 1191 2204 patriae
1233 2139 1405 2192 ruina
1444 2154 1503 2190 se
1544 2139 1973 2208 restincturum,
2025 2143 2247 2193 domum
2280 2155 2337 2193 se

600 2239 631 2277 e
665 2226 828 2278 curia
857 2226 1107 2291 proripit
1133 2229 1190 2278 et
1214 2240 1340 2281 cum
1363 2227 1586 2292 aliquot
1617 2228 1814 2281 amicis
1845 2228 1907 2279 in
1939 2233 2145 2282 castra
2167 2230 2334 2282 Man-

598 2313 759 2366 liana
800 2313 1215 2382 proficiscitur,
1262 2316 1483 2369 relictis
1534 2316 1594 2368 in
1643 2317 1786 2369 Urbe
1827 2317 2098 2386 consciis,
2151 2319 2336 2386 quibus

596 2402 853 2456 caedium
886 2405 946 2456 et
976 2403 1362 2456 incendiorum
1387 2406 1590 2470 partes
1611 2408 1780 2458 erant
1807 2406 1996 2458 datae.
2065 2406 2336 2460 Proximo

598 2491 689 2544 die
722 2488 810 2554 [a.
849 2493 903 2545 d.
938 2493 1000 2542 V.
1036 2492 1127 2544 Id.
1166 2491 1350 2555 Nov.)
1393 2491 1611 2559 Cicero,
1649 2493 1732 2544 uti
1765 2495 1930 2560 volyo
1965 2497 2194 2562 rentur,
2231 2509 2339 2547 se-

598 2582 899 2634 cundam
944 2580 1338 2632 orationem
1370 2580 1562 2633 babuit
1597 2582 1675 2634 ad
1704 2582 1998 2649 populum,
2040 2595 2158 2648 qua
2193 2585 2339 2636 invi-

598 2669 754 2722 diam
788 2684 827 2722 a
860 2682 921 2721 se
956 2672 1240 2722 averteret
1279 2667 1564 2722 Catilinae
1607 2669 1728 2721 sive
1771 2669 1950 2722 lenius
1995 2670 2188 2736 puniti
2227 2672 2344 2724 sive

602 2758 889 2812 crudelius
925 2757 1103 2811 eiecti.
1165 2756 1418 2809 Catilina
1448 2757 1626 2823 iyitur
1657 2760 1713 2809 et
1745 2757 1998 2810 Manlius
2031 2773 2088 2810 a.
2115 2760 2174 2812 d.
2197 2759 2343 2812 111.

599 2847 737 2898 Kal.
780 2847 1067 2898 Decembr.
1120 2848 1353 2898 senatus
1401 2847 1656 2898 consulto
1704 2845 1934 2910 patriae
1981 2848 2173 2898 hostes
2215 2850 2347 2900 sunt

600 2931 855 2985 iudicati.
946 2935 1179 2987 Interea
1230 2933 1410 3000 leqati
1459 2934 1824 3000 Allobroqum
1881 2949 1922 2985 a
1967 2934 2034 2986 Ρ.
2083 2933 2348 2988 Cornelio

598 3020 844 3073 Lentulo
885 3025 1047 3076 Sura
1095 3026 1366 3088 praetore
1417 3035 1526 3088 per
1569 3021 1638 3073 P.
1693 3022 2050 3087 Umbrenum,
2105 3023 2345 3089 equitem

598 3107 943 3178 Romanum,
994 3111 1297 3164 sollicitati
1343 3110 1554 3164 litteris
1591 3112 1671 3163 ad
1709 3110 1906 3176 populi
1947 3109 2039 3162 sui
2085 3113 2346 3164 senatum

601 3196 869 3265 acceptis,
913 3200 1012 3251 sed
1048 3198 1305 3252 Ciceroni
1334 3213 1442 3264 per
1475 3199 1538 3262 Q.
1571 3199 1810 3252 Fabium
1841 3200 2096 3265 Sannum
2132 3198 2340 3252 civita-

602 3284 680 3338 tis
714 3297 852 3337 suae
890 3288 1192 3350 patronum
1228 3301 1298 3340 re
1336 3275 1635 3353 patefacta
1673 3287 2020 3341 discedentes
2053 3301 2110 3340 a.
2144 3289 2200 3341 d.
2235 3288 2340 3340 17.

2476 252 2482 573 Ι
