2525 3925
438 339 515 387 Vl

435 483 659 532 bantur:
716 453 968 532 ludorum
1017 493 1148 532 vero
1196 484 1473 546 magistris
1524 482 1715 546 eadem
1762 485 2002 536 varietas
2041 489 2177 538 satis

437 590 748 655 benignam,
786 593 846 637 ut
880 590 1102 656 opinor,
1146 590 1433 640 materiem
1473 592 1540 640 de
1575 590 1957 656 glossematis,
2003 594 2177 644 inter-

435 695 803 755 polationibus
836 697 1118 757 omnisque
1156 697 1378 760 generis
1420 697 1745 759 corruptelis
1795 711 1920 748 cum
1962 699 2178 748 audito-

434 802 585 849 ribus
620 800 929 863 disputandi
963 801 1259 863 praebebit.

522 907 809 958 Orationes
834 919 1041 970 quoque
1066 910 1120 957 et
1146 908 1405 971 epistolas
1426 921 1494 958 ex
1515 911 1873 962 Historiarum
1899 911 2053 961 libris
2077 911 2176 962 de-

434 1016 658 1077 perditis
682 1017 749 1066 ab
774 998 1146 1077 antiquissimo
1174 1011 1378 1066 Codice
1398 1016 1668 1067 Vaticano
1691 1019 1758 1068 N.
1779 1015 1944 1066 3864.
1971 1019 2094 1068 Sec.
2113 1021 2176 1068 x.

432 1125 699 1184 servatas,
741 1123 1039 1183 separatim
1069 1121 1199 1171 olim
1235 1135 1270 1172 a
1302 1134 1391 1171 me
1429 1123 1622 1190 editas,
1647 1126 1854 1185 postea
1885 1135 1954 1174 ex
1989 1122 2176 1174 eodem

432 1205 631 1279 bodico
678 1232 981 1279 ceterorum
1028 1230 1264 1278 omnium
1328 1225 1634 1302 ἀρχετύπῳ
1681 1231 1738 1279 in
1786 1241 1938 1280 usum
1990 1241 2174 1280 meum

431 1337 498 1386 ab
537 1338 740 1398 optimo
777 1337 981 1402 amico,
1032 1336 1319 1388 Theodoro
1355 1337 1558 1403 neyse,
1603 1336 1838 1388 fideliter
1875 1337 2177 1400 descriptas

433 1443 753 1507 Velleioque
799 1456 920 1495 meo
970 1445 1206 1509 additas,
1256 1442 1344 1494 bic
1380 1444 1610 1511 repetii,
1656 1445 1928 1506 scriptura
1969 1447 2174 1494 tantum

358 1529 364 1538 ⁷
432 1555 637 1602 mutata
680 1552 925 1614 locisque
980 1551 1257 1602 nonnullis
1312 1550 1403 1599 vel
1455 1562 1523 1598 ex
1573 1549 1802 1599 aliorum
1859 1552 2176 1601 criticorum

433 1660 522 1710 vel
560 1663 783 1724 propria
820 1660 1094 1710 sententia
1146 1659 1432 1709 correctis.
1503 1657 1610 1706 Sed
1647 1669 1714 1708 ex
1749 1657 1936 1708 eodem
1974 1655 2176 1710 Codice

432 1770 603 1818 etiam
642 1767 1070 1819 Pseudosalustii
1118 1768 1185 1816 ad
1225 1761 1516 1816 Caesarem
1561 1763 1854 1828 epistolas,
1904 1764 2178 1814 declama-

431 1878 537 1925 tori
601 1875 771 1925 alicui
851 1875 1221 1924 Frontoniano
1287 1875 1408 1922 sive
1473 1873 1778 1936 antiquario
1848 1872 2178 1938 tribuendas,

432 1987 655 2046 propter
695 1981 835 2030 hanc
888 1991 1052 2029 unam
1101 1982 1368 2031 rationem
1404 1981 1668 2031 accurate
1713 1981 2017 2042 exprimere
2054 1978 2178 2042 pla-

440 2090 581 2153 cuit,
638 2089 783 2151 quod
832 2088 927 2136 vix
978 2086 1147 2136 aliam
1197 2086 1546 2137 occasionem
1601 2088 1659 2136 in
1718 2089 1994 2149 posterum
2047 2085 2176 2135 mihi

432 2195 672 2245 oblatum
705 2196 776 2244 iri
814 2168 1082 2258 putabam,
1124 2206 1229 2256 qua
1260 2194 1364 2244 hoc
1402 2194 1648 2257 quamvis
1691 2197 1855 2244 tenue
1881 2204 1950 2245 ac
1977 2190 2176 2243 falsum

432 2303 662 2353 Latinae
723 2302 1069 2364 antiquitatis
1134 2305 1537 2352 monumentum
1603 2314 1669 2352 ea
1729 2300 1972 2352 tandem·
2001 2299 2176 2351 forma

437 2412 677 2475 ederem,
720 2421 879 2472 quam
924 2418 1082 2459 unam
1118 2420 1314 2459 veram
1351 2411 1519 2470 atque
1556 2409 1826 2473 integram
1861 2419 1984 2457 esse
2021 2406 2176 2455 duco.

432 2518 581 2567 Haec
626 2517 794 2581 igitur
832 2516 1052 2576 propria
1089 2515 1243 2564 buius
1278 2513 1452 2565 libelli
1494 2516 1590 2564 dos
1626 2517 1725 2563 est.

548 2640 667 2707 Quo
711 2641 933 2691 facilius
964 2643 1146 2691 autem
1183 2641 1414 2691 Salustii
1450 2636 1688 2689 Catilina
1723 2638 1924 2701 ubique
1959 2648 2178 2699 compa·-

434 2754 545 2802 rari
582 2754 765 2813 posset
802 2762 926 2800 cum
965 2745 1248 2798 Ciceronis
1296 2745 1397 2796 illa
1445 2747 1692 2797 oratione
1739 2710 2026 2798 (aculeata
2081 2745 2177 2796 at-

434 2871 536 2922 que
569 2856 697 2907 utili
732 2857 820 2907 rei
852 2854 1130 2921 publicae,
1176 2866 1335 2916 quam
1373 2864 1529 2903 unam
1555 2866 1590 2902 a
1614 2852 1840 2903 consule
1873 2853 1928 2901 in
1966 2851 2178 2913 patriae

434 2966 643 3016 bostem
691 2962 935 3015 habitam
982 2964 1150 3027 atque
1198 2964 1400 3026 postea
1441 2958 1716 3025 scriptam
1765 2958 1974 3012 editam
2025 2957 2180 3007 novit

435 3071 741 3126 Salustiusz
791 3093 859 3105 -
910 3080 1037 3120 nam
1092 3068 1335 3131 reliquas
1393 3070 1506 3118 tres
1557 3078 1625 3117 ex
1675 3066 1898 3139 αἱρέσει
1948 3064 2177 3126 quadam
2219 3056 2228 3063 ”

436 3178 565 3229 mibi
606 3190 731 3228 cum
764 3176 971 3239 aliquot
1006 3176 1197 3227 amicis
1232 3176 1527 3239 communi,
1577 3176 1635 3225 ut
1667 3172 1984 3224 subditicias
2019 3170 2178 3233 equi-

437 3288 554 3337 dem
603 3285 739 3336 nibil
786 3295 1003 3335 moror:
1058 3308 1125 3321 —
1178 3295 1297 3334 eam
1348 3293 1562 3345 quoque
1614 3280 1860 3331 subiecta
1909 3278 2178 3329 varietate
