2525 3925
602 315 671 365 54
1140 311 1199 366 C.
1237 314 1534 368 SALUS'H
1571 310 1804 368 cmsm

601 464 861 526 gerentur
910 461 1082 527 magis
1134 474 1290 524 quam
1343 465 1600 526 regerent
1647 473 1836 527 casus,
1889 463 1946 512 et
2001 472 2068 511 eo
2123 449 2344 526 magub‘

604 551 803 600 tudinis
839 551 1225 615 procederent,
1281 552 1371 600 ubi
1414 562 1516 613 pro
1553 549 1874 600 mortalibus
1909 549 2090 614 gloria
2125 551 2324 600 aeterni

599 638 809 690 fierent.

701 727 751 777 2.
802 728 943 778 Nam
976 729 1058 778 uti
1094 739 1268 791 genus
1303 727 1571 776 hominum
1610 728 1965 788 compositum
2000 737 2070 776 ex
2106 737 2327 788 corpore

560 815 659 866 5et
691 817 870 866 anima
914 816 1030 879 est,
1079 815 1157 866 ita
1206 827 1296 866 res
1345 817 1574 865 cunctae
1613 813 1898 878 studiaque
1935 815 2114 864 omnia
2148 818 2329 864 nostra

601 906 845 966 corporis
894 905 1039 968 alia,
1096 903 1208 953 alia
1262 904 1429 953 animi
1479 905 1726 952 naturam
1777 907 2094 966 sequuntur.
2162 903 2328 966 Igitur

597 992 887 1056 praeclara
920 992 1124 1058 facies,
1158 1003 1386 1055 magnae
1424 991 1678 1053 divitiae,
1723 990 1792 1040 ad
1827 990 1932 1040 hoo
1970 991 2052 1040 vis
2089 991 2328 1054 eorporis

598 1083 656 1131 et
690 1080 800 1130 alia
840 1080 1207 1130 huiuscemodi
1244 1080 1423 1130 omnia
1457 1079 1614 1128 brevi
1658 1077 2001 1142 dilabuntur3
2057 1079 2116 1128 at
2149 1079 2327 1142 ingeni

598 1169 824 1232 egregia
858 1168 1107 1218 facinora
1142 1168 1308 1217 sicuti
1339 1168 1520 1216 anima
1542 1166 1852 1216 inmortalia
1872 1166 2011 1217 sunt.
2057 1165 2329 1215 Postremo

524 1258 843 1319 locon-poris
878 1258 937 1306 et
971 1255 1224 1306 fortunae
1260 1255 1525 1306 bonorum
1565 1258 1626 1304 ut
1669 1255 1882 1306 initium
1927 1257 2014 1309 sio
2059 1253 2182 1303 finis
2229 1257 2328 1319 est,

595 1346 879 1405 omniaque
932 1347 1055 1395 orta
1110 1343 1364 1394 occidunt
1415 1346 1472 1392 et
1525 1346 1688 1393 aucta
1737 1345 2060 1393 senescunt:
2123 1343 2331 1395 animus

592 1433 975 1496 incorruptus,
1042 1433 1334 1496 aeternus,
1401 1433 1584 1482 rector
1633 1432 1850 1480 humani
1907 1431 2162 1498 generis,
2219 1431 2332 1494 agit

592 1523 758 1584 atque
804 1520 969 1571 habet
1017 1522 1215 1570 cuncta
1265 1532 1444 1583 neque
1495 1521 1614 1583 ipse
1666 1519 1912 1570 habetur.
1983 1515 2104 1582 Quo
2159 1519 2332 1584 magis

590 1608 836 1672 pravitas
867 1620 1058 1658 eorum
1094 1608 1409 1658 admiranda
1442 1611 1546 1676 est,
1585 1609 1676 1670 qui
1711 1607 1876 1658 dediti
1914 1607 2158 1670 corporis
2195 1620 2334 1671 gau-

520 1695 581 1749 15
597 1699 700 1748 diis
740 1709 839 1760 per
876 1696 1061 1746 luxum
1103 1698 1263 1758 atque
1296 1697 1572 1760 ignaviam
1607 1699 1842 1749 aetatem
1874 1699 2059 1760 agunt,
2093 1699 2333 1748 ceterum

591 1787 896 1853 ingenium,
949 1795 1053 1846 quo
1106 1796 1284 1847 neque
1328 1784 1524 1835 melius
1575 1797 1748 1848 neque
1800 1783 2029 1847 amplius
2077 1783 2229 1834 aliud
2278 1787 2334 1834 in

590 1878 788 1924 natura
820 1873 1128 1924 mortalium
1158 1877 1262 1939 est,
1295 1871 1506 1924 incultu
1531 1877 1698 1936 atque
1726 1873 1984 1925 ,socordia
2020 1877 2333 1935 torpescere

590 1963 811 2027 sinunt3
865 1976 1025 2027 quom
1074 1964 1393 2025 praesertim
1445 1964 1555 2013 tam
1617 1962 1820 2013 multae
1872 1963 2168 2027 variaeque
2223 1964 2335 2013 sint

588 2053 739 2099 artes
772 2051 969 2115 animi,
1008 2052 1201 2113 quibus
1238 2061 1444 2101 summa
1477 2048 1744 2100 claritudo
1777 2053 2019 2113 paratur.

512 2137 582 2189 20
696 2138 747 2185 3.
799 2138 1004 2187 Verum
1038 2150 1107 2189 ex
1140 2138 1225 2189 his
1260 2139 1612 2203 magistratus
1649 2140 1706 2187 et
1750 2140 1974 2201 imperia
1985 2172 2004 2207 ‚
2058 2142 2338 2203 postremo

588 2225 763 2275 omnis
807 2238 939 2277 cura
986 2238 1167 2277 rerum
1210 2225 1549 2289 publicarum
1593 2228 1826 2288 minume
1871 2227 2003 2279 mihi
2045 2230 2149 2279 hac
2195 2234 2336 2281 tem-

584 2314 797 2376 pestate
833 2316 1101 2379 cupiunda
1135 2314 1418 2379 videntur-3
1459 2316 1708 2384 quoniam
1731 2328 1908 2381 neque
1932 2317 2122 2367 virtuti
2155 2318 2334 2369 honos

584 2402 773 2468 datur,
816 2413 993 2465 neque
1029 2402 1143 2473 illi,
1182 2404 1376 2467 quibus
1413 2415 1512 2467 per
1545 2403 1790 2455 fraudem
1823 2406 1873 2453 is
1908 2391 2038 2471 fuit,
2096 2408 2202 2457 tuti
2240 2408 2334 2457 aut

584 2500 653 2540 eo
688 2493 861 2555 magis
896 2490 1109 2543 honesti
1144 2496 1284 2543 sunt.
1338 2494 1475 2544 Nam
1515 2494 1575 2542 vi
1611 2492 1824 2556 quidem
1859 2505 2056 2558 regere
2095 2494 2336 2557 patriam

509 2579 575 2631 25
590 2582 685 2629 aut
723 2582 1006 2646 parentes,
1062 2594 1383 2645 quamquam
1422 2582 1480 2631 et
1519 2582 1694 2645 possis
1737 2585 1794 2631 et
1829 2581 2030 2635 delicta
2062 2586 2339 2649 corrigas,

583 2668 764 2718 tamen
798 2669 1143 2731 inportunum
1178 2672 1268 2718 est
1276 2682 1296 2733 3
1352 2679 1511 2731 quom
1556 2671 1879 2731 praesertim
1925 2680 2110 2721 omnes
2145 2682 2338 2723 rerum

581 2758 907 2809 mutationes
940 2756 1178 2823 caedem,
1217 2755 1424 2823 fugam,
1459 2755 1683 2821 aliaque
1718 2757 1939 2809 hostilia
1972 2762 2312 2824 portendant

581 2842 788 2896 frustra
822 2848 1005 2897 autem
1038 2845 1158 2909 niu,
1198 2854 1376 2907 neque
1411 2844 1558 2895 aliud
1591 2858 1652 2899 se
1686 2846 1968 2911 fatigando
2003 2848 2109 2899 nisi
2147 2850 2337 2899 odium

680 3028 716 3069 1.
744 3030 871 3077 magis
895 3041 922 3066 a
947 3029 1103 3069 casibus
1128 3030 1177 3069 V.
1206 3052 1245 3065 -
1301 3031 1340 3071 Ι.
1381 3033 1441 3071 aa·
1465 3031 1518 3071 K.
1547 3052 1596 3060 -
1645 3034 1684 3073 4.
1714 3044 1734 3070 e
1757 3033 1809 3073 V.
1837 3052 1886 3061 ·-
1936 3038 1996 3073 eu
2020 3046 2070 3075 ez·
2093 3046 2265 3085 corpore
2293 3042 2336 3075 oe

581 3097 715 3134 mima
728 3096 782 3136 Κ.
810 3115 860 3124 -
882 3098 922 3136 8.
950 3096 1217 3137 huiuscemodi
1240 3098 1400 3151 omnia]
1424 3098 1607 3139 Einsied.
1624 3100 1674 3139 V.
1702 3100 1834 3139 omnia
1858 3098 2128 3142 huiuscemodi
2141 3104 2191 3145 (ἶ.
2212 3104 2333 3146 K.—

584 3164 646 3203 10.
680 3167 742 3205 uei
764 3166 815 3206 V.
844 3187 893 3195 —
940 3165 1001 3205 1⁵.
1041 3166 1188 3219 aeque]
1225 3168 1406 3209 Eia-iod.
1433 3168 1482 3209 V.
1507 3168 1561 3211 Κ.
1605 3173 1644 3207 ee
1669 3169 1718 3209 G.
1741 3188 1793 3199 —
1841 3170 1904 3209 ⁸8.
1950 3169 2016 3221 tn]
2051 3172 2239 3214 Eia-iod.
2269 3174 2326 3213 Κ.

580 3235 643 3271 iun
676 3233 728 3272 V.
768 3234 817 3275 Θ.
858 3258 903 3269 -
962 3236 1097 3287 tte-'qm
1134 3239 1211 3276 eaeo·
1247 3236 1299 3277 V.
1339 3236 1418 3286 11„
1455 3236 1564 3289 quod
1603 3242 1734 3278 ortum
1772 3243 1838 3279 ent
1871 3250 1922 3279 ox
1960 3242 2237 3289 nominatione
2275 3242 2323 3281 lt.

580 3304 639 3342 νῆ’
663 3305 752 3344 mi.
