2525 3925
639 324 710 375 14
1178 322 1236 375 C.
1274 324 1577 377 SALUS'H
1614 322 1843 377 clusm

638 482 810 523 saeva
847 471 1017 523 multa
1053 475 1182 523 ante
1216 484 1522 536 perpessos.
1590 473 1709 524 Nos
1762 484 1881 523 eam
1928 482 2044 523 rem
2094 472 2153 522 in
2204 474 2387 525 medio

639 560 1019 623 relinquemus.
1077 562 1160 613 De
1193 563 1478 624 superiore
1514 564 1885 612 coniuratione
1918 562 2057 611 satis
2092 560 2317 613 dictum.

709 646 712 651 ’
740 648 827 699 20.
884 648 1150 714 Catilina,
1207 652 1302 702 ubi
1336 663 1463 718 eos,
1516 662 1653 713 quos
1686 650 1873 714 paullo
1908 652 2035 701 ante
2068 654 2391 719 memoravi,

639 740 962 789 convenisse
1014 738 1198 803 videt,
1255 741 1475 789 tametsi
1528 752 1649 789 cum
1702 738 1936 804 singulis
1988 739 2163 789 multa
2218 752 2390 803 saepe

596 830 857 891 5egerat‚
895 830 1074 877 tamen
1109 830 1164 878 in
1202 839 1316 878 rem
1351 830 1473 878 fore
1508 830 1735 879 credens
1770 830 2059 878 universos
2100 828 2389 891 adpellare

636 918 692 966 et
729 917 1032 981 cohortari,
1077 917 1132 964 in
1167 917 1401 967 abditam
1439 919 1649 979 partem
1690 916 1901 966 aedium
1934 918 2171 981 secedit,
2220 919 2387 979 atque

633 1008 710 1057 ibi
730 1040 746 1070 ,
782 1005 1026 1054 omnibus
1063 1006 1283 1055 arbitris
1317 1005 1512 1067 procul
1546 1007 1761 1072 amotis,
1794 1006 2094 1055 orationem
2124 1006 2387 1055 huiusce-

635 1094 777 1143 modi
813 1093 1015 1143 habuit.
1087 1094 1204 1159 „Ni
1252 1095 1428 1143 virtus
1465 1094 1703 1155 fidesque
1751 1096 1942 1143 vostra
1975 1096 2227 1157 spectata
2252 1096 2387 1145 mihi

426 1100 626 1276 s
636 1183 834 1247 forent,
859 1182 1208 1243 nequidquam
1231 1184 1538 1244 opportuna
1560 1194 1653 1232 res
1678 1182 1967 1232 cecidisset
1976 1197 1994 1246 3
2020 1196 2145 1245 spes
2167 1196 2385 1249 magna,

563 1270 628 1321 10
642 1269 933 1319 dominatio
970 1272 1024 1320 in
1061 1272 1305 1319 manibus
1340 1270 1548 1320 frustra
1583 1272 1832 1320 fuissent.
1897 1272 2087 1333 Neque
2133 1282 2237 1334 ego
2284 1284 2386 1335 per

633 1359 909 1422 ignaviam
943 1361 1038 1407 aut
1073 1370 1218 1408 vana
1251 1360 1474 1423 ingenia
1508 1361 1725 1410 incerta
1760 1372 1861 1422 pro
1895 1360 2062 1410 certis
2086 1360 2386 1422 captarem.

636 1445 744 1497 Sed
782 1447 908 1508 quia
941 1446 1126 1496 multis
1169 1449 1225 1495 et
1275 1449 1487 1511 magnis
1509 1445 1514 1450 “
1536 1449 1943 1511 tempestatibus
1994 1460 2095 1497 vos
2146 1451 2384 1512 cognovi

635 1534 797 1585 fortis
850 1535 1091 1597 fidosque
1139 1536 1295 1602 mihi,
1350 1548 1417 1585 eo
1465 1537 1673 1585 animus
1725 1549 1889 1587 ausus
1942 1540 2029 1586 est
2077 1548 2383 1587 maxumum

635 1626 800 1686 atque
831 1623 1263 1685 pulcherrumum
1303 1624 1517 1673 facinus
1551 1626 1825 1690 incipere,
1864 1624 2025 1674 simul
2064 1626 2189 1688 quia
2226 1628 2384 1675 vobis

562 1716 624 1767 15
641 1712 828 1762 eadem
865 1724 1002 1775 quae
1038 1712 1169 1761 mihi
1202 1712 1343 1762 bona
1368 1713 1613 1776 malaque
1638 1725 1758 1763 esse
1778 1713 2027 1763 intellexi
2038 1728 2055 1777 3
2093 1726 2215 1764 nam
2240 1714 2382 1763 idem

635 1801 785 1851 velle
823 1806 983 1863 atque
1023 1801 1162 1849 idem
1198 1800 1382 1864 nolle,
1432 1814 1499 1851 ea
1546 1801 1755 1851 demum
1787 1802 1942 1850 firma
1990 1803 2232 1851 amicitia
2282 1807 2384 1853 est.

637 1889 744 1938 Sed
782 1900 886 1952 ego
921 1902 1058 1952 quae
1091 1894 1270 1939 mente
1312 1883 1524 1953 agita'vi
1570 1878 1755 1939 omnes
1806 1890 1914 1939 iam
1962 1893 2126 1939 antea
2174 1889 2386 1941 divorsi

633 1979 880 2028 audistis,
935 1977 1183 2027 Ceterum
1208 1978 1337 2026 mihi
1362 1981 1417 2026 in
1442 1981 1557 2028 dies
1586 1981 1761 2042 magis
1798 1981 2007 2028 animus
2048 1979 2385 2047 accenditur,

635 2077 792 2127 quom
831 2068 1146 2130 considero,
1201 2079 1338 2127 quae
1389 2055 1639 2116 condicio
1684 2069 1833 2117 vitae
1882 2065 2219 2131 futura'sit‚
2276 2071 2385 2119 nisi

559 2157 847 2214 zonosmet
880 2155 981 2214 ipsi
1028 2155 1367 2203 vindicamus
1414 2157 1470 2204 in
1522 2155 1843 2205 libertatem.
1912 2157 2047 2206 Nam
2100 2157 2383 2218 postquam

630 2253 721 2292 res
757 2241 978 2305 publica
1013 2243 1070 2290 in
1105 2254 1400 2304 paucorum
1443 2245 1743 2304 potentium
1784 2245 1869 2293 ius
1912 2247 2073 2306 atque
2113 2245 2383 2296 dicionem

631 2333 921 2395 concessit,
957 2341 1170 2392 semper
1206 2330 1321 2379 illis
1350 2343 1529 2395 regeS‚
1566 2332 1873 2382 tetrarchae
1902 2333 2209 2396 vectigales
2236 2346 2383 2398 esse,

631 2418 852 2481 populi,
887 2419 1136 2468 nationes
1171 2420 1442 2480 stipendia
1469 2421 1705 2481 pendere
1723 2435 1740 2484 3
1781 2423 1953 2470 ceteri
1992 2433 2197 2488 omnes,
2231 2427 2384 2473 stre-

630 2508 754 2570 nui,
811 2507 973 2572 boni,
1027 2508 1240 2558 nobiles
1289 2510 1449 2570 atque
1486 2509 1756 2572 ignobiles
1792 2509 1990 2571 volgus
2024 2510 2223 2560 fuimus
2261 2513 2383 2560 sine

555 2596 845 2660 25gratia,
899 2597 1020 2644 sine
1069 2598 1429 2663 auctoritate,
1480 2598 1549 2645 iis
1602 2598 1854 2670 obnoxii,
1908 2599 2130 2661 quibus,
2186 2601 2236 2648 si
2291 2611 2383 2650 res

629 2685 850 2747 publica
883 2684 1114 2744 valeret,
1154 2684 1429 2733 formidini
1456 2695 1711 2734 essemus.
1766 2687 1953 2747 Itaque
1985 2688 2157 2735 omnis
2180 2691 2385 2754 gratia,

629 2773 898 2837 potentia,
950 2770 1148 2834 honos,
1205 2771 1429 2821 divitiae
1481 2774 1621 2833 apud
1654 2773 1783 2822 illos
1818 2777 1973 2836 sunt,
2029 2779 2123 2824 aut
2164 2774 2253 2824 ubi
2295 2775 2379 2824 ini

629 2861 855 2922 volunt3
928 2862 1084 2910 nobis
1132 2858 1405 2921 reliquere
1460 2860 1739 2924 pericula,
1808 2861 2093 2930 repulsas,
2157 2861 2382 2928 iudicia,

731 3046 764 3084 1.
795 3050 914 3083 antea
939 3046 987 3084 V.
1006 3045 1058 3084 K.
1086 3066 1133 3074 —
1174 3046 1212 3085 2.
1240 3047 1497 3096 relinquimus
1509 3047 1559 3087 V.
1592 3069 1640 3108 -5
1664 3049 1924 3098 κερκίσι-ἰν.
1946 3073 1989 3080 -
2016 3055 2076 3088 ese
2098 3051 2246 3089 dictum
2260 3051 2313 3090 V.
2334 3074 2379 3083 —

629 3115 667 3153 6.
687 3116 853 3152 necessit
873 3114 923 3152 V.
940 3133 990 3141 ——
1015 3115 1054 3153 8.
1074 3113 1170 3153 Nini
1184 3115 1233 3154 V.
1250 3135 1301 3144 —
1324 3118 1424 3154 tatio
1445 3121 1625 3164 spectata
1638 3129 1688 3155 m.
1706 3115 1813 3166 foret
1832 3118 1884 3156 V.
1905 3141 1947 3148 —
1972 3119 2012 3157 9.
2028 3116 2241 3157 accidisset
2264 3119 2314 3158 V.
2335 3141 2380 3152 —-

631 3183 692 3222 10.
722 3182 1011 3232 dominamque
1024 3183 1076 3225 V.
1105 3203 1154 3212 —-
1191 3183 1251 3221 11.
1285 3187 1427 3233 ignava
1454 3189 1617 3223 auctore
1644 3185 1782 3224 cornio
1798 3185 1849 3224 Κ.
1871 3207 1911 3217 -
1955 3186 2015 3224 13.
2044 3191 2104 3224 ese
2127 3197 2248 3224 ausus
2260 3187 2310 3225 V.
2333 3210 2380 3218 -

629 3252 690 3290 14.
721 3249 844 3301 quia]
883 3250 989 3300 quod
1012 3251 1059 3290 V.
1091 3274 1136 3283 —
1185 3251 1249 3291 20.
1294 3254 1403 3301 ipsos
1426 3252 1476 3292 V.
1509 3275 1552 3283 —
1590 3252 1831 3290 vindicemus
1866 3253 1917 3292 V.
1943 3274 1993 3283 —
2042 3255 2104 3294 w.
2140 3251 2232 3292 bom·
2256 3259 2385 3305 utque

630 3321 780 3358 strenui
793 3319 841 3357 V.
875 3342 919 3351 —
958 3319 1020 3360 25.
1051 3318 1114 3358 Ιιίε
1140 3319 1191 3363 Κ,
1225 3344 1268 3352 -
1306 3319 1367 3364 96,
1390 3319 1704 3370 praevalereev.
1738 3343 1780 3356 -··
1819 3321 1879 3360 28.
1906 3321 2101 3370 repulus,
2126 3323 2308 3371 periendo
2324 3323 2377 3361 V.

224 3580 749 3700 Α
