2525 3925
853 331 1221 384 launoium
1256 331 1413 383 cxn.
1899 335 2011 388 859
2065 355 2070 359 ·

269 476 527 543 nibalem,
564 480 655 540 qui
688 479 755 528 ad
788 479 1115 542 Antiochum
1159 480 1514 544 confugerat,
1553 478 1752 532 bellum
1787 493 1906 534 cum
1939 493 2006 533 eo

267 570 464 620 moliri.
532 571 869 622 'tentaverat
904 576 1083 622 autem
1114 573 1386 623 Hannibal
1422 583 1520 634 per
1555 573 1868 623 Aristonem
1889 575 2007 636 Ty-

266 658 437 722 rium,
486 661 607 709 sine
650 659 854 710 litteris
893 661 1279 726 Karthaginem
1314 661 1562 725 missum,
1611 662 1682 712 ad
1730 660 2005 712 rebellan-

269 746 399 798 dum
437 748 651 798 Poenos
700 750 997 800 concitare.

886 907 1125 956 Liber
1170 907 1390 956 XXXV.
2018 910 2050 956 5

183 1014 265 1054 561
370 1014 429 1062 P.-
479 1015 667 1076 scipio
716 1013 1010 1064 Africanus
1054 1014 1272 1078 legatus
1321 1013 1390 1064 ad
1439 1014 1760 1066 Antiochum
1809 1013 2011 1078 Ephesi

267 1113 390 1154 cum
428 1103 763 1169 Hannibale,
806 1105 898 1164 qui
944 1114 1007 1152 se
1054 1102 1326 1154 Antiocho
1373 1104 1652 1168 iunxerat,
1703 1105 2008 1155 collocutus

266 1193 371 1253 est,
406 1194 483 1253 ut,
522 1194 571 1241 si
606 1191 727 1240 fieri
763 1194 965 1258 posset,
1000 1195 1205 1242 metum
1242 1193 1312 1255 ei,
1355 1203 1516 1254 quem
1550 1204 1620 1242 ex
1655 1193 1856 1255 populo
1891 1193 2009 1243 Ro-

267 1289 431 1328 mano
468 1283 811 1343 conceperat,
852 1282 1129 1332 eximeret.
1197 1282 1354 1330 Inter
1383 1281 1497 1330 alia
1532 1291 1659 1330 cum
1697 1285 2006 1348 quaereret,

264 1377 423 1428 quem
472 1367 643 1417 fuisse
688 1369 975 1418 maximum
1010 1370 1394 1430 imperatorem
1429 1369 1702 1421 Hannibal
1736 1361 2082 1436 crederet,1⁰

264 1456 547 1516 respondit
584 1455 997 1506 «Alexandrum
1024 1459 1383 1508 Macedonum
1408 1469 1619 1524 regem,
1653 1460 1796 1521 quod
1833 1471 2008 1522 parva

262 1554 425 1592 manu
448 1544 875 1595 innumerabiles
912 1547 1187 1596 exercitus
1222 1545 1472 1613 fudisset,
1507 1547 1755 1609 quodque
1789 1548 2007 1598 ultimas

264 1643 411 1695 orae,
446 1644 578 1694 quas
600 1635 783 1682 visere
817 1645 983 1694 supra
1017 1646 1164 1695 spem
1201 1635 1486 1684 humanam
1513 1639 1674 1699 esset,
1713 1647 2007 1698 peragras-

261 1720 411 1768 set.»
470 1716 769 1783 Quaerenti
793 1721 985 1770 deinde
1012 1733 1176 1785 quem
1200 1723 1499 1772 secundum
1523 1723 1781 1790 poneret,
1819 1737 1848 1769 α
1863 1721 2007 1785 Pyr-

262 1807 471 1870 rhum,»
506 1810 703 1874 inquit,
742 1820 851 1858 «eo
888 1810 1029 1870 quod
1066 1815 1253 1860 castra
1286 1811 1482 1860 metari
1516 1811 1748 1873 primum
1781 1802 2082 1861 coccis-15

262 1899 351 1946 et
362 1911 380 1959 3
431 1896 605 1946 adhoc
642 1899 904 1948 neminem
948 1897 1253 1964 elegantius
1293 1898 1418 1950 loca
1455 1901 1685 1967 cepisse,
1737 1901 2010 1964 praesidia

262 1986 645 2047 disposuisse.»
715 1986 1045 2049 Exsequenti
1082 2000 1237 2050 quem
1279 1990 1494 2039 tertium
1529 1989 1758 2053 diceret,
1795 1996 2010 2040 «semet

260 2076 473 2137 ipsum»
498 2072 650 2123 dixit.
688 2074 894 2126 Bidens
914 2062 1099 2138 Scipio
1126 2073 1426 2139 «Quidnam
1451 2078 1509 2126 tu
1535 2078 1766 2145 diceres,
1795 2080 1841 2128 si
1863 2090 2006 2144 me‚»

258 2164 453 2227 inquit,
502 2155 867 2213 «vicissesh
942 2165 1124 2214 «Tunc
1162 2177 1345 2214 vero»
1390 2166 1570 2228 inquit
1619 2178 1756 2217 «me
1791 2168 1848 2216 et
1881 2168 2010 2216 ante

261 2250 649 2301 Alexandrum·
670 2254 727 2301 et
760 2255 887 2302 ante
920 2252 1184 2315 Pyrrhum
1220 2258 1279 2303 et
1313 2257 1440 2303 ante
1473 2252 1612 2304 alios
1654 2256 2001 2316 posuissem.»
2016 2246 2085 2299 2⁰

264 2341 418 2389 Inter
454 2343 641 2389 cetera
686 2340 963 2404 prodigia,
1013 2353 1156 2403 quae
1202 2340 1438 2401 plurima
1484 2343 1656 2391 fuisse
1705 2342 2009 2404 traduntur,

264 2428 461 2477 bovem
492 2425 589 2476 Cn.
612 2428 835 2477 Domitii
872 2427 1115 2477 consulis
1152 2427 1401 2477 locutum
1441 2428 1657 2477 «Roma
1690 2438 1828 2477 cave
1865 2427 2006 2477 tibi»

264 2516 521 2565 refertur.
578 2518 861 2578 Apparant
895 2516 949 2564 in
990 2514 1314 2565 Antiochum
1353 2513 1552 2566 bellum
1588 2515 1839 2563 Romani.
1893 2516 2010 2565 Na-

264 2604 351 2655 bis
375 2604 1215 2665 Lacedaemoniorum·tyrannus
1248 2605 1510 2654 incitatus
1545 2604 1612 2653 ab
1643 2600 1879 2667 Aetolis,
1916 2602 2008 2664 qui

264 2698 325 2743 et
362 2692 665 2754 Philippum
715 2695 771 2741 et
808 2692 1135 2743 Antiochum
1171 2692 1238 2742 ad
1287 2692 1630 2741 inferendum
1666 2690 1867 2741 bellum
1903 2702 2005 2751 po·
2017 2686 2082 2736 8³

266 2778 401 2844 pulo
436 2780 679 2831 Romano
714 2780 1109 2846 sollicitabant,
1156 2793 1189 2831 a
1224 2779 1426 2842 populo
1461 2780 1710 2829 Romano
1743 2776 2009 2842 descivit3

266 2872 325 2921 et
360 2868 507 2919 bello
544 2867 807 2919 adversus
833 2868 1297 2931 Philopoemenem
1323 2868 1668 2917 Achaeorum
1701 2868 2008 2928 praetorem

264 2960 459 3023 gesto,
504 2956 573 3007 ab
609 2956 827 3007 Aetolis
844 2957 919 3005 ,et
960 2955 1032 3006 ab
1069 2955 1403 3007 Alexameno
1439 2956 1578 3008 duee
1614 2966 1800 3005 eorum
1833 2955 2011 3005 inter-

265 3047 449 3096 fectus
498 3046 599 3115 est.
680 3044 863 3096 Aetoli
900 3056 1116 3107 quoque
1151 3046 1220 3095 ab
1266 3045 1508 3094 amicitia
1555 3044 1746 3105 populi
1777 3038 2010 3094 Romani

184 3131 617 3197 mdefecerunt3
659 3145 779 3183 cum
815 3134 1006 3196 quibus
1041 3134 1308 3183 societate
1341 3134 1528 3183 iuncta
1560 3132 1860 3184 Antiochus
1893 3124 2086 3191 Sy·8⁰

268 3220 389 3272 riae
435 3234 565 3283 rex,
623 3233 745 3271 cum
793 3222 993 3273 bellum
1030 3220 1299 3271 Graeciae
1337 3221 1644 3288 intulisset,
1696 3219 2008 3282 complures

272 3310 435 3361 urbes
477 3310 799 3378 occupavit,
847 3311 995 3363 inter
1030 3322 1165 3375 quas
1200 3307 1542 3375 Chalcidem,
1591 3312 1648 3361 et
1689 3309 1862 3359 totam
1897 3304 2010 3355 Eu-
