2525 3925
569 263 678 315 184
1147 213 1733 312 {SEUDOSALUSTI

568 410 639 459 ad
672 408 775 458 boc
811 409 1057 457 victores
1093 408 1348 469 praedam
1373 409 1580 468 petunt,
1614 407 1751 454 victi
1775 406 1928 455 cives
1951 409 2099 456 sunt.
2177 409 2346 457 Inter

567 499 666 546 has
693 495 1047 546 difficultates
1071 495 1412 544 evadendum
1448 496 1534 544 est
1570 495 1702 556 tibi3
1741 497 1906 555 atque
1939 495 1998 542 in
2035 499 2340 556 posterum

568 584 831 633 firmanda
863 596 955 633 res
990 582 1209 646 publica
1246 594 1358 632 non
1393 585 1557 632 armis
1601 581 1768 630 modo
1811 593 1992 644 neque
2028 585 2342 632 advorsum

568 671 771 738 hostis,
821 671 949 737 sed,
996 672 1137 732 quod
1178 669 1351 720 multo
1401 669 1682 732 multoque
1727 671 1973 730 asperius
2011 676 2128 737 est,
2175 672 2340 734 pacis

528 757 730 810 5bonis
773 759 995 809 artibuS.
1064 757 1214 821 Ergo
1258 770 1444 808 omnes
1490 770 1690 821 magna
1736 757 2000 808 mediocri
2049 761 2340 820 sapientia

566 858 658 896 res
691 845 797 896 huc
818 849 1017 910 .vocat,
1056 858 1197 910 quae
1223 847 1454 909 quisque
1477 849 1696 908 optuma
1729 849 1932 912 potest,
1965 847 2081 896 utei
2119 847 2336 896 dicant.

569 936 655 984 Ac
689 935 817 983 mihi
852 935 935 985 sic
970 932 1219 983 videturx
1275 933 1690 997 qualeicumque
1733 934 1891 983 modo
1933 937 1992 984 tu
2032 935 2336 984 victoriam

573 1021 994 1090 composuereis,
1030 1023 1110 1072 ita
1145 1021 1257 1071 alia
1293 1023 1473 1072 omnia
1508 1023 1711 1072 futura.

675 1109 783 1157 Sed
830 1109 968 1176 iam,
1016 1122 1120 1171 quo
1160 1109 1356 1160 melius
1388 1107 1717 1172 faciliusque
1753 1110 2075 1171 constituae,
2115 1111 2334 1174 paucis,

500 1197 713 1257 1oquae
749 1208 835 1245 me
871 1197 1081 1246 animus
1117 1199 1330 1262 monet,
1382 1197 1586 1259 accipe.
1657 1194 1870 1245 Bellum
1909 1198 2006 1247 tibi
2044 1198 2186 1264 fuit,
2220 1199 2334 1248 Im-

568 1286 817 1350 perator,
863 1296 982 1334 cum
1024 1285 1236 1334 homine
1276 1285 1448 1349 claro,
1497 1285 1708 1348 magnis
1747 1285 1970 1349 opibuS,
2017 1284 2192 1334 avido
2227 1297 2334 1346 po-

568 1372 799 1435 tentiae,
848 1373 1061 1423 maiore
1109 1373 1330 1423 fortuna
1379 1385 1535 1436 quam
1581 1374 1886 1440 sapientia,
1936 1385 2094 1434 quem
2147 1375 2329 1422 secuti

570 1461 699 1507 sunt
734 1471 833 1520 per
877 1472 1035 1510 suam
1070 1461 1323 1509 iniuriam
1367 1461 1465 1510 tibi
1501 1461 1736 1522 inimici,
1785 1461 1913 1509 item
1953 1472 2091 1522 quos
2129 1459 2330 1510 adfini-

570 1550 659 1597 tas
707 1551 801 1596 aut
850 1547 963 1597 alia
1009 1547 1356 1598 necessitudo
1401 1549 1582 1597 traxit.
1653 1547 1792 1597 Nam
1825 1549 2104 1610 particeps
2147 1547 2328 1598 domi-

499 1631 562 1682 15
576 1635 811 1685 nationis
849 1648 1027 1698 neque
1062 1637 1168 1686 fuit
1204 1637 1512 1702 quisquam,
1559 1648 1756 1702 neque,
1795 1638 1845 1685 si
1878 1637 1993 1697 pati
2039 1638 2328 1698 potuisset,

572 1723 727 1773 orbis
760 1726 1029 1774 terrarum
1064 1723 1213 1776 bello
1253 1736 1547 1774 concussus
1573 1726 1734 1774 foret.
1809 1721 2010 1773 Cetera
2033 1724 2328 1774 multitudo

572 1810 727 1875 volgi
762 1824 917 1863 more
950 1812 1125 1877 magis
1163 1825 1325 1875 quam
1359 1814 1590 1876 iudicio,
1627 1815 1753 1873 post
1786 1810 1928 1861 alius
1964 1809 2142 1860 alium
2172 1813 2324 1874 quasi

573 1900 981 1958 prudentiorem
1020 1902 1213 1952 secuti.
1285 1902 1391 1952 Per
1425 1901 1568 1950 idem
1606 1904 1812 1963 tempus
1840 1897 2156 1949 maledictis
2188 1902 2327 1949 inei-

576 1998 804 2048 quorum
852 1988 1203 2052 occupandae
1250 1990 1334 2039 rei
1387 1988 1640 2050 publicae
1683 1990 1742 2039 in
1775 2001 1927 2052 spem
1963 1987 2191 2037 adducti
2231 1988 2322 2037 ho-

496 2070 565 2122 20
579 2074 779 2137 mines,
830 2076 1025 2137 quibus
1059 2077 1243 2126 omnia
1281 2077 1480 2138 probro
1530 2090 1597 2127 ac
1643 2075 1863 2127 luxuria
1895 2076 2113 2139 polluta
2153 2081 2326 2139 erant,

574 2171 905 2211 concurrere
952 2165 1008 2211 in
1062 2166 1246 2212 castra
1291 2166 1416 2213 tua:
1472 2169 1530 2213 et
1576 2170 1768 2226 aperte
1806 2166 2038 2227 quieteis
2075 2168 2323 2227 mortem,

570 2238 808 2312 rapinas,
842 2251 1115 2311 postremo
1148 2251 1348 2319 omnia,
1382 2264 1519 2313 quae
1553 2258 1825 2315 conrupto
1862 2252 2040 2301 animo
2079 2250 2319 2314 lubebat,

571 2336 829 2387 minitari.
898 2336 981 2387 Ex
1026 2341 1179 2401 queis
1231 2353 1434 2405 magna
1483 2354 1641 2407 parS,
1692 2340 1783 2389 ubi
1827 2352 2007 2402 neque
2052 2341 2324 2390 creditum

577 2423 919 2492 condonare,
970 2438 1146 2490 neque
1186 2432 1241 2479 te
1277 2430 1486 2479 civibus
1520 2428 1683 2479 sicuti
1714 2425 1958 2477 hostibus
1999 2428 2080 2476 uti
2118 2428 2327 2496 vident,

498 2507 565 2558 25
579 2510 852 2565 defluxere
866 2530 884 2578 3
923 2518 1087 2577 pauci
1111 2518 1362 2567 restitere
1375 2530 1394 2579 3
1434 2515 1626 2577 quibus
1649 2518 1822 2565 maius
1847 2517 2013 2565 otium
2037 2516 2095 2563 in
2123 2518 2324 2565 castris

558 2614 739 2664 ·quam
770 2602 975 2653 Romae
1024 2602 1261 2654 futurum
1309 2607 1430 2652 erat
1440 2618 1458 2665 3
1521 2604 1674 2652 tanta
1721 2604 1806 2653 vis
1856 2604 2188 2653 creditorum
2232 2605 2321 2653 in-

576 2691 861 2750 pendebat..
908 2690 1019 2741 Sed
1042 2692 1111 2741 ob
1138 2690 1354 2741 easdem
1391 2701 1586 2741 causas
1619 2690 1840 2742 inmane
1873 2690 2092 2757 dictust,
2132 2694 2322 2754 quanti

673 2898 713 2937 4.
751 2898 871 2937 mato
904 2898 1121 2950 adeoque]
1156 2900 1206 2939 V.
1248 2900 1369 2939 mullo
1403 2901 1534 2939 naim
1565 2899 1762 2951 adeoque
1795 2912 1848 2939 ex
1882 2898 2167 2951 supplemento
2193 2902 2244 2942 G.
2272 2924 2320 2933 —

572 2964 691 3013 paci·
713 2964 846 3015 bonde]
871 2966 921 3007 V.
946 2966 1058 3006 boni·
1077 2969 1199 3018 pacit
1223 2967 1275 3007 G.
1300 2986 1354 2999 ε·-
1375 2968 1415 3007 5.
1442 2967 1656 3017 mediocri]
1681 2969 1732 3009 Θ.
1758 2967 1969 3007 mediocri·
1991 2968 2044 3006 V.
2073 2990 2119 2999 —
2147 2968 2189 3008 6.
2217 2970 2320 3019 ndei]

576 3030 629 3071 V.
654 3033 716 3070 uh*
738 3033 791 3072 G.
818 3052 867 3065 ·-
900 3033 941 3073 7.
970 3034 1294 3087 qualecumque]
1320 3034 1373 3077 V.
1401 3033 1678 3087 quatecunque
1701 3036 1754 3075 G.
1779 3054 1829 3063 -
1861 3036 1901 3076 8.
1929 3034 2242 3087 conmenta-eie]
2263 3036 2315 3077 V.

574 3102 842 3148 componam
862 3102 915 3141 G.
946 3120 997 3131 -
1047 3102 1112 3143 1³.
1134 3107 1226 3141 σιοιε
1243 3102 1344 3155 per]
1369 3103 1422 3145 V.
1449 3108 1540 3143 eunte
1556 3103 1683 3154 ροισι-ι’
1704 3114 1782 3152 ρει·
1800 3114 1858 3143 ex
1881 3102 2166 3154 supplemento
2191 3105 2242 3145 G.
2269 3122 2320 3135 υ-

576 3167 641 3207 18.
678 3167 945 3219 inaquam]
970 3169 1021 3209 V.
1058 3171 1286 3221 iniquorum
1309 3170 1361 3211 G.
1399 3192 1449 3202 —
1496 3171 1558 3210 n.
1585 3170 1777 3223 quaem]
1799 3171 1854 3213 V.
1893 3172 2048 3223 quiesse
2063 3172 2117 3213 Β.
2155 3190 2207 3203 —·
2251 3171 2316 3211 fl.

462 3284 473 3297 Ι
577 3234 710 3288 qudo]
735 3236 787 3277 V.
822 3237 911 3287 quie
934 3238 987 3278 G.
1018 3260 1063 3271 -
1112 3238 1177 3279 η.
1206 3236 1374 3290 diense]
1400 3238 1454 3278 V.
1487 3238 1601 3278 dieta
1625 3244 1684 3278 cue
1707 3238 1757 3279 G.
