2525 3925
620 328 727 381 134
1166 326 1225 379 C.
1262 328 1560 381 SALUSTI
1596 326 1824 381 cmsm

623 475 829 525 civium
866 475 1022 523 extra
1054 477 1275 527 moenia
1307 476 1366 524 in
1399 475 1634 526 hostium
1671 476 1956 539 potestate,
1991 472 2252 540 coegere,
2294 478 2374 525 uti

624 561 949 611 deditionem
982 560 1249 612 facerent.
1322 560 1578 616 Ceterum
1613 563 1862 624 oppidum
1895 563 2208 627 incensum,
2249 564 2372 613 Nu-

621 649 799 699 midae
835 649 1063 710 puberes
1096 648 1394 713 interfecti,
1431 649 1528 699 alii
1561 661 1746 699 omnes
1781 650 2124 715 venumdati,
2160 653 2372 712 praeda

620 737 881 788 militibus
907 735 1101 786 divisa.
1154 736 1214 786 1d
1239 737 1453 786 facinus
1479 738 1778 787 contraius
1813 737 1944 787 belli
1979 749 2088 787 non
2123 740 2372 789 avaritia

578 824 797 887 5neque
841 823 1053 875 scelere
1104 824 1344 876 consulis
1397 825 1715 890 admissum,
1765 827 1862 875 sed
1904 827 2031 887 quia
2068 825 2234 875 locus
2277 829 2372 875 Iu-

618 913 851 976 gurthae
876 914 1225 975 opportunus,
1249 912 1404 961 nobis
1427 913 1578 961 aditu
1603 912 1863 978 difficilis,
1895 924 2070 975 genus
2092 914 2372 965 hominum

617 1000 837 1066 mobile,
866 1000 1086 1049 infidum
1118 1000 1261 1063 ante,
1294 1010 1468 1061 neque
1505 999 1764 1051 beneficio
1799 1011 1975 1062 neque
2011 1004 2159 1051 metu
2199 1003 2368 1054 coer·

622 1088 809 1137 eitum.

727 1174 819 1225 92.
868 1175 1157 1237 Postquam
1191 1176 1400 1227 tantam·
1428 1188 1548 1226 rem
1583 1178 1792 1227 Marius
1828 1179 1950 1227 sine
1983 1175 2100 1227 ullo
2137 1190 2366 1228 suorum

545 1266 609 1317 10
624 1262 955 1313 incommodo
1002 1264 1270 1330 patravit,
1321 1276 1548 1327 magnus
1599 1268 1656 1313 et
1704 1265 1890 1315 clarus
1937 1268 2133 1329 antea,
2189 1269 2368 1317 maior

616 1351 779 1413 atque
816 1351 1021 1401 clarior
1060 1350 1249 1407 haberi
1291 1354 1486 1414 coepit.
1561 1352 1752 1403 Omnia
1786 1364 1894 1403 non
1929 1354 2067 1403 bene
2105 1353 2365 1406 consulta

614 1438 673 1484 in
697 1438 957 1489 virtutem
992 1439 1370 1502 trahebantur,
1407 1440 1608 1489 milites
1643 1440 1892 1490 modesto
1926 1442 2159 1501 imperio
2195 1442 2367 1492 habiti

614 1524 782 1573 simul
827 1528 883 1575 et
932 1526 1243 1587 locupletes
1289 1527 1356 1576 ad
1397 1527 1607 1577 eoelum
1644 1528 1820 1593 ferre,
1869 1530 2134 1579 Numidae
2187 1533 2364 1593 magis

619 1624 779 1673 quam
815 1613 1100 1663 mortalem
1136 1616 1351 1677 timere,
1407 1618 1688 1676 postremo
1735 1628 1951 1683 omnes,
2005 1619 2146 1667 socii
2195 1622 2364 1680 atque

541 1704 603 1754 15
619 1698 829 1765 hostes,
884 1703 1107 1751 eredere
1138 1701 1225 1750 illi
1264 1705 1362 1751 aut
1395 1706 1624 1753 mentem
1661 1703 1899 1753 divinam
1935 1714 2060 1753 esse
2094 1708 2194 1754 aut
2231 1709 2362 1755 deo-

612 1798 731 1837 rum
769 1790 900 1839 nutu
930 1792 1129 1839 cuncta
1162 1789 1428 1851 portendi.
1484 1790 1590 1839 Sed
1619 1790 1828 1857 consul,
1865 1792 1954 1841 ubi
1991 1804 2058 1841 ea
2091 1805 2190 1843 res
2226 1795 2360 1843 bene

614 1877 830 1938 evenit,
889 1878 959 1927 ad
1012 1876 1125 1927 alia
1178 1877 1379 1937 oppida
1431 1875 1650 1943 pergit,
1705 1889 1880 1938 pauca
1931 1881 2361 1942 repugnantibus

612 1963 863 2014 Numidis
902 1967 1051 2026 capit
1062 1999 1079 2032 ,
1137 1965 1300 2026 plura
1339 1967 1559 2016 deserta
1605 1969 1830 2028 propter
1865 1963 2224 2029 Capsensium
2263 1973 2360 2020 mi-

572 2053 578 2067 ·
613 2051 789 2098 serias
827 2053 945 2113 igni
988 2053 1324 2114 conrumpit3
1374 2047 1531 2102 Iuotu
1578 2057 1744 2116 atque
1783 2056 1951 2104 caede
1988 2057 2174 2106 omnia
2209 2071 2359 2109 eom-

535 2141 602 2194 20
616 2134 851 2196 plentur.
899 2138 1149 2201 Denique
1170 2138 1355 2188 multis
1376 2139 1518 2189 locis
1539 2142 1742 2202 potitus
1774 2154 1841 2192 ac
1877 2142 2158 2206 plerisque
2198 2158 2358 2196 exer-

612 2224 725 2272 citu
761 2225 1066 2288 incruento,
1104 2225 1268 2277 aliam
1293 2239 1407 2276 rem
1427 2227 1746 2291 adgreditur
1778 2241 1888 2280 non
1913 2230 2106 2280 eadem
2145 2237 2357 2294 asperi-

608 2311 723 2360 tate
770 2323 878 2372 qua
928 2309 1311 2378 Capsensium,
1373 2319 1614 2364 ceterum
1661 2315 1802 2365 haud
1853 2329 2012 2366 secus
2061 2318 2356 2372 difficilem.

606 2399 856 2461 Namque
878 2400 1026 2460 ‚baud
1060 2400 1229 2464 longe
1262 2415 1296 2452 a
1324 2405 1544 2452 flumine
1581 2403 1856 2466 Mulucha,
1893 2406 2033 2467 quod
2059 2409 2356 2470 Iugurthae

606 2485 917 2549 Bocchique
946 2499 1172 2552 regnum
1208 2490 1582 2553 disiungebat‚
1617 2494 1740 2540 erat
1774 2493 1919 2541 inter
1957 2496 2200 2546 ceteram
2235 2497 2358 2559 pla-

532 2575 597 2627 25
611 2574 797 2624 nitiem
832 2587 983 2625 mons
1020 2587 1248 2642 saxeus,
1300 2579 1562 2628 mediocri
1597 2578 1828 2628 castello
1865 2581 1999 2628 satis
2035 2583 2270 2650 patens,
2305 2588 2358 2636 in

606 2661 911 2712 inmensum
958 2664 1163 2726 editus,
1220 2676 1328 2714 uno
1372 2667 1702 2727 perangusto
1751 2665 1900 2714 aditu
1947 2667 2180 2737 relicto,
2231 2686 2354 2724 nam

606 2751 779 2800 omnis
804 2745 999 2802 natura.
1024 2749 1177 2800 velut
1199 2763 1368 2812 opere
1391 2756 1556 2814 atque
1583 2753 1832 2802 consulto
1852 2765 2136 2816 praeceps.
2185 2755 2355 2822 Que-

603 2835 787 2888 loeum
820 2839 1057 2905 Marius,
1094 2839 1237 2900 quod
1266 2839 1340 2889 ibi
1376 2841 1526 2903 regis
1565 2840 1803 2890 thesauri
1835 2844 2018 2908 erant,
2051 2857 2267 2899 summa
2306 2852 2358 2897 vi

704 3087 742 3129 ⁷.
771 3089 958 3139 infidum,
987 3098 1079 3130 ante
1102 3105 1227 3144 neque
1250 3095 1300 3134 V.
1330 3115 1379 3124 -
1430 3096 1491 3134 10.
1527 3097 1738 3148 patravit]
1757 3102 1915 3150 pereyae‘t
1938 3101 1989 3140 V.
2019 3121 2065 3129 —
2118 3105 2242 3150 oeque
2269 3105 2357 3142 cla·

604 3167 675 3193 rut
698 3155 751 3197 Κ.
780 3178 829 3185 -
867 3159 925 3198 11.
964 3165 1004 3197 ee
1027 3159 1178 3198 clarior
1202 3161 1254 3199 Κ.
1283 3183 1331 3190 -
1384 3163 1550 3210 Omnia,
1593 3177 1669 3203 non
1703 3165 1800 3206 bene
1832 3167 2009 3206 consulta
2033 3167 2176 3216 modo,
2218 3183 2356 3209 verua

606 3225 723 3263 otiam
757 3236 853 3263 casu
886 3226 983 3264 data
1020 3228 1062 3264 in
1100 3239 1151 3266 ex
1188 3231 1330 3279 paucis
1357 3229 1483 3270 vodel.
1510 3232 1768 3282 interpolatis
1803 3236 1856 3277 K.
1883 3257 1930 3266 —
1981 3236 2044 3278 ¹8.
2081 3247 2166 3278 om.
2198 3238 2360 3280 deser-ea

604 3289 653 3330 V.
686 3313 733 3325 -·
782 3293 846 3336 w.
872 3305 967 3334 nam
986 3306 1063 3344 per
1084 3297 1218 3336 omnia
1242 3297 1292 3338 V.
1327 3309 1421 3340 nm
1444 3302 1576 3340 omnia
1603 3303 1654 3344 G.
