2525 3925
556 312 634 364 IN
669 315 733 365 Ia.
772 312 1095 364 SERGIUM
1130 309 1544 364 CATILINAM.
1809 316 1924 366 228

165 459 466 522 parricida
506 459 705 510 civium
745 460 1040 510 interfecto
1076 461 1318 511 invidiae
1365 461 1494 510 mihi
1538 463 1596 511 in
1634 464 1926 524 posterita-

166 553 298 597 tem
343 547 688 598 redundaret.
759 544 966 611 Quodsi
1013 560 1081 598 ea
1123 550 1252 598 mihi
1299 551 1530 599 maxime
1578 550 1928 614 impenderet,

166 640 365 685 tamen
402 638 506 687 hoc
539 639 719 687 auimo
756 649 974 698 semper
1007 637 1117 704 fui,
1168 641 1229 686 ut
1262 638 1523 687 invidiam
1559 639 1767 689 virtute
1799 651 1928 700 par-

170 728 297 774 tam
332 723 597 791 gloriam,
642 736 751 774 non
785 725 1046 775 invidiam
1084 729 1381 793 putarem„
1420 723 1750 788 Quamquam
1784 727 2002 778 non-80

167 811 325 860 nulli
358 815 489 863 sunt
534 815 591 863 in
640 813 745 862 hoc
784 814 1007 880 ordine,
1058 815 1149 876 qui
1184 816 1280 863 aut
1316 825 1409 876 ea,
1461 825 1599 876 quae
1633 815 1928 879 imminent,

169 911 294 950 non
319 900 562 967 videant,
597 903 692 950 aut
717 913 802 968 ea,
838 913 979 963 quae
1000 903 1208 964 vident,
1240 901 1609 951 dissimulent:
1649 903 1742 965 qui
1773 914 1927 965 spem

172 985 460 1038 Catilinae
507 988 762 1038 mollibus
808 990 1095 1039 sententiis
1134 988 1417 1053 aluerunt,
1469 991 1928 1041 coniurationem·-

170 1088 294 1140 que
324 1080 637 1127 nascentem
673 1089 779 1126 non
819 1077 1089 1128 credendo
1130 1080 1657 1143 corroboraverunt3
1702 1090 1926 1141 quorum

169 1165 571 1215 auctoritatem
608 1169 781 1214 secuti
816 1167 1003 1230 multi,
1053 1177 1162 1216 non
1197 1165 1378 1216 solum
1415 1166 1679 1233 improbi,
1733 1178 1924 1216 verum

172 1253 350 1301 etiam
400 1253 656 1319 imperiti,
703 1256 750 1303 si
785 1256 842 1303 in
879 1255 1021 1303 hunc
1060 1256 1582 1322 animadvertissem,
1629 1254 1925 1305 crudeliter

172 1341 241 1389 et
276 1341 433 1402 regie
468 1342 671 1390 factum
707 1353 833 1390 esse
872 1343 1134 1392 dicerent.
1204 1342 1364 1392 Nunc
1397 1343 1673 1409 intelligo,
1715 1345 1764 1392 si
1798 1345 1924 1408 iste,

169 1439 287 1490 quo
321 1428 585 1496 intendit,
629 1432 684 1479 in
720 1429 1001 1480 Manliana
1039 1433 1221 1481 castra
1257 1431 1605 1498 pervenerit,
1651 1433 1921 1482 neminem

174 1520 292 1566 tam
342 1516 569 1566 stultum
615 1517 764 1583 fore,
821 1520 913 1580 qui
948 1531 1057 1568 non
1094 1519 1282 1569 videat
1323 1520 1755 1570 coniurationem
1798 1531 1922 1569 esse

169 1607 413 1670 factam,
474 1607 747 1656 neminem
799 1610 912 1656 tam
966 1609 1298 1670 improbum,
1359 1608 1453 1669 qui
1504 1619 1615 1657 non
1665 1609 1920 1658 fateatur.

171 1696 302 1744 Hoc
335 1695 515 1743 autem
562 1706 670 1744 uno
709 1695 1002 1744 interfecto
1045 1694 1302 1758 intelligo
1348 1694 1488 1745 lianc
1538 1696 1623 1744 rei
1669 1694 1924 1756 publicae

171 1784 394 1845 pestem
429 1782 731 1844 paullisper
762 1784 1007 1846 reprimi,
1053 1793 1162 1832 non
1198 1783 1254 1832 in
1293 1787 1608 1844 perpetuum
1645 1782 1921 1842 comprimi

170 1883 355 1934 posse.
428 1867 632 1934 Quodsi
669 1883 730 1919 se
768 1871 993 1920 eiecerit
1042 1881 1334 1932 secumque
1371 1883 1500 1919 suos
1535 1870 1816 1936 eduxerit,
1864 1872 1924 1919 et

172 1958 368 2011 eodem
406 1963 623 2010 ceteros
660 1954 898 2022 undique
938 1957 1205 2009 collectos
1241 1960 1540 2023 naufragos
1574 1971 1925 2023 aggregave-

171 2050 281 2113 rit,
335 2050 715 2113 exstinguetur
762 2052 930 2112 atque
981 2048 1249 2098 delebitur
1296 2056 1406 2098 non
1442 2047 1600 2097 modo
1620 2044 1771 2101 ‚haec
1813 2051 1922 2099 tam

169 2136 368 2188 adulta
400 2140 482 2187 rei
516 2138 773 2200 publicae
810 2138 1001 2204 pestis,
1033 2148 1223 2186 verum
1260 2137 1426 2187 etiam
1458 2138 1624 2199 stirps
1646 2149 1713 2188 ac
1735 2148 1920 2187 semen

172 2224 441 2277 malorum
486 2227 737 2275 omnium.

285 2315 436 2364 XIII.
482 2315 695 2363 Etenim
730 2314 955 2371 iamdiu,
989 2318 1175 2375 patres
1214 2315 1528 2378 conscripti,
1564 2317 1620 2365 in
1653 2316 1738 2366 liis
1772 2315 1992 2377 peri-:31

182 2399 329 2451 culis
354 2401 745 2450 coniurationis
781 2401 1099 2462 insidiisque
1136 2413 1438 2465 versamur,
1473 2401 1568 2451 sed
1600 2404 1920 2464 nescioquo

173 2491 346 2554 pacto
382 2488 616 2537 omnium
653 2488 927 2537 scelerum
967 2500 1037 2539 ac
1075 2490 1286 2538 veteris
1331 2489 1534 2539 furoris
1569 2492 1626 2539 et
1660 2490 1920 2540 audaciae

171 2579 467 2631 maturitas
516 2578 573 2625 in
618 2578 795 2627 nostri
847 2576 1158 2627 consulatus
1194 2580 1405 2639 tempus
1450 2578 1644 2639 erupit.
1715 2574 1920 2639 Quodsi

176 2680 253 2718 ex
278 2669 432 2715 tanto
461 2666 752 2715 latrocinio
779 2665 885 2715 iste
913 2677 1048 2714 unus
1082 2665 1324 2733 tolletur,
1358 2667 1662 2717 videbimur
1686 2665 1922 2716 fortasse

176 2758 247 2807 ad
285 2756 455 2805 breve
494 2753 760 2817 quoddam
797 2758 1013 2816 tempus
1050 2766 1182 2804 cura
1217 2757 1274 2803 et
1309 2758 1454 2803 metu
1493 2766 1614 2804 esse
1649 2752 1916 2804 relevati:

174 2844 487 2909 periculum
528 2846 708 2893 autem
755 2843 1017 2892 residebit
1056 2843 1113 2891 et
1154 2843 1261 2892 erit
1307 2842 1573 2892 inclusum
1612 2844 1827 2906 penitus
1862 2844 1918 2893 in

176 2933 339 2983 venis
373 2935 533 2994 atque
567 2933 626 2981 in
661 2932 966 2981 visceribus
1006 2932 1089 2980 rei
1125 2930 1391 2993 publicae.
1444 2932 1516 2980 Ut
1543 2942 1710 2993 saepe
1745 2932 1918 2980 homi-

174 3034 276 3073 nes
312 3022 469 3085 aegri
504 3021 691 3071 morbo
725 3020 919 3083 gravi,
974 3030 1095 3069 cum
1139 3020 1296 3069 aestu
1333 3018 1583 3080 febrique
1626 3021 1920 3087 iactantur,

275 3230 315 3283 §-
343 3231 410 3270 n.
450 3228 624 3279 {mdiu}
662 3235 836 3279 „totum
860 3232 1079 3272 triennium
1112 3243 1139 3272 a
1175 3233 1390 3273 consulatu
1415 3232 1559 3285 Lepidi
1583 3240 1626 3274 et
1651 3233 1774 3278 Tulli.
1812 3233 1916 3273 vid·

176 3310 254 3352 pro
277 3298 449 3338 Murena
472 3297 513 3350 §.
540 3299 635 3338 81.··
683 3299 847 3341 ΜΑπι.
