2525 3925
541 273 616 325 24
1083 268 1142 323 C.
1181 260 1480 323 SALUSU'I
1516 264 1748 321 ciuem

547 419 710 472 simul
737 419 950 473 amittit·
1001 418 1080 469 'fe
1117 420 1283 481 atque
1318 418 1564 467 senatum
1600 417 1951 481 obtestamur,
1984 410 2304 465 consulatis

551 508 766 559 miseris
805 509 1046 572 civibus,
1080 505 1222 571 legis
1257 506 1613 569 praesidium,
1652 505 1792 567 quod
1828 504 2089 565 iniquitas
2124 514 2300 564 prae-

553 600 689 647 toris
725 598 941 665 eripuit,
975 597 1279 647 restituatis
1288 610 1305 660 3
1344 607 1485 645 neve
1509 596 1665 645 nobis
1689 606 1808 645 eam
1832 590 2303 643 necessitudinem

551 688 856 750 inponatis,
910 687 968 735 ut
1011 697 1367 751 quaeramus,
1422 696 1653 747 quonam
1692 683 1849 731 modo
1894 692 2141 732 maxume
2190 678 2305 729 ulti

511 775 873 839 5sanguinem
905 779 1152 827 nostrum
1185 770 1517 837 pereamus.”

657 864 747 913 34.
785 864 872 914 Ad
907 865 1041 915 haec
1079 860 1142 927 Q.
1177 864 1421 914 Marcius
1455 862 1762 924 respondit:
1802 860 1897 911 «si
1932 859 2059 923 quid
2094 858 2163 909 ab
2200 870 2305 909 se-

552 958 684 1005 natu
717 956 906 1015 petere
941 952 1168 1019 vellent,
1203 953 1271 1003 ab
1308 953 1473 1002 armis
1502 950 1799 1015 discedant,
1832 954 2055 1001 Romam
2077 946 2305 1009 suppli-

557 1054 650 1092 ces
686 1041 1132 1104 proficiscantur3
1175 1053 1243 1091 ea
1276 1038 1685 1089 mansuetudine
1718 1043 1887 1102 atque
1922 1036 2304 1088 misericordia

553 1134 800 1181 senatum
839 1129 1205 1192 populumque
1239 1130 1541 1179 Romanum
1574 1116 1791 1189 semper
1824 1128 2011 1193 fuisse,
2047 1128 2109 1175 ut
2140 1136 2305 1177 nemo

483 1216 548 1269 10
561 1231 794 1283 unquam
828 1218 894 1269 ab
931 1230 999 1267 eo
1031 1218 1238 1267 frustra
1286 1216 1544 1267 auxilium
1580 1211 1887 1278 petiverit.”
1944 1216 2023 1267 At
2059 1210 2309 1266 Catilina

560 1319 629 1357 ex
678 1308 880 1355 itinere
937 1304 1218 1367 plerisque
1270 1304 1673 1369 consularibus,
1733 1307 2027 1367 praeterea
2078 1306 2305 1366 optumo

559 1395 824 1461 quoique,
858 1394 1072 1446 litteras
1113 1395 1309 1445 mittit:
1366 1396 1484 1443 «Se
1518 1394 1675 1444 falsis
1710 1395 2027 1444 criminibus
2062 1394 2305 1443 circum-

564 1488 818 1547 ventum,
872 1486 1127 1546 quoniam
1164 1483 1397 1534 factioni
1442 1484 1780 1533 inimicorum
1810 1483 2069 1533 resistere
2101 1482 2307 1543 nequi-

491 1544 532 1565 ·
561 1571 732 1639 verit,
766 1572 1021 1623 fortunae
1061 1574 1275 1636 cedere,
1309 1571 1612 1623 Massiliam
1648 1573 1705 1622 in
1742 1571 1963 1623 exilium
1998 1570 2304 1633 proficisci:

487 1655 550 1708 15
563 1672 672 1711 non
709 1674 816 1725 quo
852 1662 960 1713 sibi
996 1663 1134 1713 tanti
1163 1661 1394 1712 sceleris
1427 1662 1681 1713 conscius
1720 1664 1899 1728 esset,
1951 1658 2047 1709 sed
2093 1660 2173 1709 uti
2210 1670 2307 1711 res

563 1750 788 1815 publica
827 1752 1022 1814 'quieta
1067 1732 1240 1816 foret,
1293 1762 1433 1801 neve
1470 1762 1539 1829 eir
1578 1761 1677 1800 sua
1722 1750 2069 1800 contentione
2104 1750 2307 1801 seditio

563 1837 852 1891 oriretur.”
917 1842 1002 1891 Ab
1035 1840 1118 1891 his
1151 1839 1319 1905 longe
1354 1840 1603 1890 divorsas
1636 1839 1849 1889 litteras
1882 1834 1947 1900 Q.
1984 1833 2211 1889 Catulus
2242 1838 2305 1889 in

564 1931 756 1978 senatu
803 1930 1094 1997 recitavit,
1147 1942 1284 1992 quas
1330 1930 1439 1982 sibi
1483 1928 1699 1978 nomine
1749 1924 2017 1980 Catilinae
2060 1926 2306 1980 redditas

565 2017 784 2066 dicebat
794 2031 814 2080 3
850 2029 1036 2067 earum
1071 2016 1375 2080 exemplum
1409 2019 1558 2070 infra
1589 2018 1851 2079 scriptum
1884 2019 1999 2070 est:

489 2103 558 2156 20
679 2105 772 2152 35.
827 2106 932 2155 «11.
973 2102 1210 2156 Catilina
1250 2101 1314 2168 Q.
1352 2103 1567 2158 Catulo.
1638 2107 1879 2170 Egregia
1926 2109 2021 2158 tua
2064 2105 2201 2157 fides
2242 2119 2307 2158 re

566 2195 788 2256 cognita
805 2228 821 2257 ,
856 2198 1018 2259 grata
1051 2194 1213 2260 mihi,
1249 2197 1307 2244 in
1343 2195 1555 2260 magnis
1587 2197 1723 2245 meis
1757 2194 2019 2258 periculis
2054 2196 2305 2248 fiduciam

565 2281 1020 2334 commendationi
1051 2295 1206 2334 meae
1250 2285 1456 2335 tribuit.
1529 2279 1885 2346 Quamobrem
1934 2285 2305 2340 defensionem

564 2372 624 2419 in
659 2382 805 2421 novo
843 2371 1076 2422 consilio
1107 2384 1217 2424 non
1268 2374 1439 2424 statui
1485 2385 1714 2436 parare,
1774 2375 2199 2425 satisfactionem
2235 2387 2305 2425 ex

565 2457 716 2508 nulla
767 2462 1106 2512 conscientia
1157 2461 1223 2514 de
1276 2461 1441 2525 culpa
1488 2472 1793 2526 proponere
1839 2461 2093 2528 decrevi,
2148 2477 2307 2526 quam

489 2541 931 2616 25p1ediusfidius
953 2563 1142 2603 veram
1162 2551 1297 2602 licet
1318 2563 1635 2615 cognoscas.
1686 2553 1907 2602 Iniuriis
1934 2553 2307 2606 contumeliis·-

569 2647 676 2700 que
709 2639 1044 2707 concitatus,
1087 2642 1228 2702 quod
1259 2639 1447 2692 fructu
1478 2639 1687 2691 laboris
1717 2641 2123 2704 industriaeque
2154 2653 2308 2694 meae

568 2727 816 2788 privatus
870 2731 1072 2780 statum
1131 2727 1417 2791 dignitatis
1467 2741 1576 2780 non
1634 2731 1973 2794 obtinebam,
2034 2731 2305 2804 publicam

565 2815 884 2867 miserorum
920 2826 1140 2871 causam
1175 2829 1277 2880 pro
1310 2829 1433 2870 mea
1464 2818 1861 2870 consuetudine
1896 2821 2147 2883 suscepi,
2198 2831 2305 2894 non

668 3002 705 3041 1.
735 3004 1090 3046 accumulatiev.
1121 3027 1166 3040 -
1213 3007 1254 3047 8.
1282 3005 1578 3048 mutan.
1608 3029 1655 3040 --
1702 3006 1743 3048 6.
1779 3006 2021 3047 AdeeV.
2050 3027 2097 3040 -·
2147 3007 2304 3058 impe-

571 3071 682 3112 esaesc
705 3071 760 3112 v.
791 3095 836 3103 -
888 3073 946 3112 ιο.
985 3080 1086 3114 ame
1115 3075 1297 3116 maesse
1320 3076 1369 3116 v.
1402 3099 1447 3110 .-
1496 3075 1560 3118 ιι.
1600 3081 1719 3126 mea
1742 3074 1871 3126 mel-s]
1908 3075 2038 3116 Libri.
2066 3075 2119 3115 v.
2150 3066 2307 3125 paea-

569 3143 735 3180 sueton-0
760 3139 900 3182 Cottio
925 3142 980 3182 K.
1009 3144 1059 3184 G.
1090 3167 1135 3178 ·-
1159 3145 1313 3195 nastris
1336 3146 1380 3186 in
1400 3146 1453 3186 V.
1480 3145 1531 3186 G.
1556 3166 1607 3176 —
1624 3135 1703 3185 'a
1730 3145 1879 3184 madi-n
1899 3143 2025 3194 fidius
2037 3145 2089 3186 V.
2117 3157 2179 3184 mo
2200 3144 2305 3184 Dius

565 3203 688 3256 fidius
712 3209 765 3250 G.
795 3203 840 3242 -‘-·
865 3209 959 3250 licet
981 3223 1116 3253 vum
1125 3213 1178 3254 V.
1199 3236 1246 3248 —
1271 3214 1337 3258 2⁷.
1362 3213 1537 3265 scamus]
1560 3213 1691 3256 Libri.
1712 3215 1763 3256 V.
1780 3215 1831 3256 G.
1856 3213 2024 3264 stadum
2046 3213 2306 3255 Istinium-

570 3275 634 3316 28.
661 3287 740 3316 non
764 3278 870 3329 quod
890 3290 958 3319 ue
982 3281 1033 3322 V.
