2525 3925
638 298 741 390 les
1172 294 1231 347 c.
1265 282 1567 349 sAnnsiu
1599 293 1833 350 cmsm

605 426 923 509 -paullatim
960 445 1302 496 consuefacit
1332 446 1548 496 ordines
1585 445 1786 495 habere
1803 479 1820 513 ,
1855 445 2015 508 signa
2047 446 2237 510 sequi,
2279 448 2390 495 im-

636 536 845 597 perium
880 534 1195 597 ohservare,
1228 535 1363 583 item
1397 534 1511 583 alia
1541 532 1803 584 mititaria
1827 534 2029 583 facere.
2079 536 2389 585 Praeterea

634 624 785 685 regis
823 622 1024 673 Bocchi
1057 634 1353 685 proxumos
1405 624 1618 684 magnis
1649 624 1960 674 muneribus
1993 624 2050 673 et
2080 625 2386 675 maioribus

634 712 919 773 promissis
953 712 1022 761 ad
1058 712 1288 761 studium
1326 712 1411 761 sui
1443 713 1722 778 perducit,
1756 713 1874 773 quis
1909 712 2258 762 adiutoribus
2295 724 2386 763 re-

595 798 627 849 5
638 810 759 864 gem
798 802 1091 864 adgressus
1125 800 1372 867 inpellit,
1421 801 1501 849 uti
1535 798 1830 851 advorsum
1863 802 2136 851 Romanos
2169 802 2384 853 bellum

635 891 879 951 incipiat.
948 887 1011 937 ld
1060 899 1127 939 ea
1176 888 1358 952 gratia
1405 888 1626 939 facilius
1671 891 1998 951 proniusque
2039 890 2180 955 fuit,
2239 892 2385 953 quod

634 978 883 1027 Bocchus
933 977 1091 1026 initio
1143 978 1366 1027 huiusce
1409 976 1542 1027 belli
1585 977 1800 1040 legatos
1845 978 2078 1027 Romam
2125 978 2383 1041 miserat,

636 1066 828 1115 foedus
864 1067 921 1113 et
954 1065 1250 1115 amicitiam
1286 1066 1539 1129 petitum,
1595 1077 1759 1128 quam
1803 1078 1924 1115 rem
1959 1069 2384 1129 opportunissu-

637 1166 787 1204 mam
831 1155 1047 1216 incepto
1094 1153 1241 1203 bello
1290 1156 1450 1215 pauci
1493 1155 1875 1215 inpediverant
1917 1156 2071 1204 caeci
2121 1158 2381 1219 avaritia,

470 1220 482 1231 ’
562 1242 759 1305 ioquis
793 1244 975 1293 omnia
1006 1241 1237 1292 honesta
1271 1244 1438 1305 atque
1474 1242 1763 1293 inhonesta
1796 1244 2034 1293 vendere
2079 1256 2206 1295 mos
2249 1249 2381 1295 erat.

636 1332 815 1381 Etiam
864 1335 1033 1381 antea
1074 1332 1370 1393 Iugurthae
1416 1330 1532 1380 filia
1575 1332 1775 1381 Bocchi
1819 1334 2094 1394 nupserat.
2167 1316 2380 1384 Verum

636 1430 705 1469 ea
738 1419 1082 1469 necessitudo
1118 1421 1259 1485 apud
1295 1418 1556 1469 Numidas
1593 1420 1924 1483 Maurosque
1958 1420 2102 1471 levis
2140 1421 2381 1487 ducitur,

635 1506 765 1571 quia
798 1508 1002 1571 singuli
1027 1521 1127 1570 pro
1153 1508 1346 1569 opibus
1385 1508 1616 1570 quisque
1642 1519 1806 1570 quam
1842 1509 2122 1572 plurumas
2157 1520 2377 1575 {ixei-ee,

634 1596 803 1646 denas
842 1596 969 1661 alii,
1024 1596 1123 1647 alii
1170 1595 1346 1658 pluris
1395 1596 1622 1661 hahent,
1676 1600 1770 1647 sed
1812 1609 1976 1662 reges
2024 1610 2091 1647 eo
2129 1600 2379 1662 amplius.

561 1684 623 1736 15
641 1688 724 1735 ita
754 1686 969 1737 animus
1000 1680 1344 1735 multitudine
1378 1684 1720 1751 distrahitur,
1763 1685 1919 1736 nulla
1951 1698 2052 1749 pro
2087 1689 2252 1759 socia
2287 1692 2382 1740 oh·

633 1776 794 1839 tinet,
831 1774 1038 1836 pariter
1076 1785 1265 1824 omnes
1300 1772 1442 1823 viles
1479 1778 1620 1823 sunt.

736 1862 819 1911 81.
855 1864 1033 1926 Igitur
1064 1862 1327 1912 inlocum
1349 1862 1604 1913 ambobus
1638 1862 1896 1923 placitum
1931 1866 2214 1915 exercitus
2253 1880 2378 1918 con-

633 1952 892 2016 veniunt3
942 1952 1019 2002 ihi
1055 1950 1157 2001 fide
1192 1954 1322 2002 data
1361 1952 1418 2001 et
1453 1954 1684 2014 accepta
1717 1951 1980 2017 Iugurtha
2014 1953 2226 2005 Bocchi
2263 1958 2379 2007 ani-

633 2052 774 2089 mum
826 2041 1075 2090 oratione
1127 2041 1408 2091 accendit:
1468 2033 1742 2090 Romanos
1791 2041 2054 2106 iniustos,
2111 2043 2379 2105 profunda

557 2125 625 2178 20
639 2129 905 2190 avaritia,
958 2130 1239 2178 conmunis
1283 2128 1516 2177 omnium
1549 2125 1723 2178 hostis
1761 2141 1912 2194 esse3
1969 2129 2208 2180 eandem
2259 2133 2380 2184 illos

542 2273 553 2278 ,
634 2225 853 2266 causam
888 2215 1020 2265 belli
1062 2228 1183 2266 cum
1218 2217 1432 2266 Boccho
1469 2217 1666 2267 habere
1715 2229 1872 2279 quam
1917 2229 2104 2268 secum
2153 2224 2212 2270 et
2265 2233 2376 2272 cum

632 2303 761 2354 aliis
796 2305 1067 2372 gentihus,
1102 2303 1396 2355 lubidinem
1430 2307 1791 2373 imperitandi,
1829 2307 1948 2369 quis
1983 2309 2172 2359 omnia
2207 2322 2380 2373 regna

631 2395 870 2442 advorsa
914 2393 1053 2458 sint3
1107 2397 1217 2444 tum
1269 2405 1419 2461 sese,
1470 2393 1656 2456 paullo
1707 2397 1835 2446 ante
1883 2395 2378 2462 Karthaginiensis,

630 2482 763 2531 item
805 2492 991 2545 regem
1026 2484 1260 2548 Persen,
1315 2478 1464 2548 post,
1515 2483 1596 2532 uti
1647 2484 1878 2546 quisque
1917 2483 2378 2552 opulentissumus

556 2563 622 2622 25
638 2571 919 2638 videatur,
970 2573 1051 2621 ita
1100 2571 1362 2621 Romanis
1415 2570 1624 2622 hostem
1677 2571 1816 2621 fore.
1885 2572 1984 2622 His
2037 2575 2204 2636 atque
2257 2575 2379 2626 aliis

630 2659 829 2710 talibus
863 2661 1029 2709 dictis
1064 2661 1133 2708 ad
1172 2657 1378 2710 Cirtam
1414 2661 1665 2722 oppidum
1699 2661 1808 2710 iter
1843 2661 2200 2730 constituunt,
2235 2663 2378 2727 quod

628 2750 706 2799 ihi
741 2748 1001 2800 Metellus
1037 2749 1302 2810 praedam
1341 2749 1694 2812 captivosque
1725 2751 1782 2800 et
1815 2751 2184 2813 inpedimenta
2219 2751 2378 2804 loca-

633 2841 807 2888 verat.
878 2839 965 2888 Ita
998 2835 1262 2901 Iugurtha
1311 2841 1464 2888 ratus
1511 2841 1608 2888 aut
1641 2841 1803 2902 capta
1838 2839 1970 2888 urbe
2007 2851 2214 2901 operae
2252 2855 2378 2904 pre-

631 2926 763 2974 tium
792 2927 917 2976 fore
954 2929 1065 2990 aut,
1100 2927 1147 2976 si
1173 2927 1450 2976 Romanus
1483 2926 1686 2977 auxilio
1718 2927 1833 2978 suis
1867 2928 2136 2996 venisset,
2169 2931 2379 2993 proelio

727 3161 765 3200 5.
796 3161 986 3199 advortas
1012 3163 1061 3201 G.
1092 3184 1138 3191 —
1164 3163 1203 3202 6.
1232 3164 1428 3212 suscipiat
1449 3163 1500 3205 V.
1529 3164 1578 3202 K.
1607 3187 1651 3195 —
1691 3165 1750 3204 11.
1781 3163 1937 3204 Boccho
1961 3165 2011 3205 V.
2041 3167 2090 3206 G.
2119 3189 2167 3197 —
2197 3168 2261 3206 1³.
2291 3168 2376 3205 nul-

631 3228 711 3266 lom
738 3230 846 3268 V.--
871 3231 935 3269 2².
962 3229 1129 3269 libidine
1152 3233 1203 3272 V.
1228 3251 1277 3261 —-
1302 3233 1365 3272 24.
1393 3232 1544 3271 Persen
1567 3245 1696 3281 regem
1721 3233 1773 3273 K.
1799 3255 1846 3262 —
1871 3233 1934 3273 2⁷.
1967 3233 2017 3282 Q.
2042 3233 2237 3274 Metellus
2267 3237 2315 3274 V.
2337 3259 2376 3267 —

630 3299 693 3338 28.
722 3311 801 3338 om.
828 3309 973 3346 operae
996 3299 1045 3339 G.
1072 3319 1119 3328 --
1170 3301 1233 3341 29.
1260 3301 1299 3340 si
1323 3301 1404 3340 dux
1427 3301 1626 3340 &manus
1649 3302 1701 3341 V.
