2525 3925
573 325 614 377 4
1109 320 1170 373 G.
1207 324 1512 375 SALUSTI
1553 321 1785 375 CRISPI

573 469 630 521 id
668 471 884 521 facinus
917 470 976 519 in
1010 470 1200 535 primis
1235 482 1339 533 ego
1384 470 1732 521 memorabile
1780 468 2045 519 existumo
2084 468 2327 519 sceleris

573 564 738 621 atque
791 558 1021 619 periculi
1071 561 1334 609 novitate.
1418 560 1500 607 De
1554 559 1745 622 quoius
1798 558 2025 607 bominis
2076 558 2320 608 moribus

561 659 747 717 §pauca
795 647 946 711 prius
995 646 1335 709 explananda
1377 650 1531 713 sunt,
1584 658 1743 710 quam
1790 638 2005 711 initium
2054 645 2317 697 narrandi

577 735 792 787 faciam.
2204 788 2213 796 ,

533 827 566 881 5
680 824 730 875 5.
781 824 986 874 Lucius
1025 821 1281 889 Catilina,
1315 824 1485 875 nobili
1521 835 1723 887 genere
1758 827 1947 889 natm,
1984 824 2091 873 fuit
2122 834 2321 886 magna

572 913 631 963 vi
676 914 732 963 et
773 907 937 961 animi
985 913 1040 961 et
1079 913 1349 975 corporis,
1406 911 1503 961 sed
1554 914 1777 975 ingenio
1826 912 1970 966 malo
2021 924 2321 974 pravoque.

570 1001 714 1049 Huic
745 1002 812 1051 ab
850 998 1224 1049 adulescentia
1263 1000 1411 1049 bella
1448 1001 1741 1067 intestina,
1792 1002 2019 1063 caedes,
2071 1000 2327 1067 rapinae,

571 1086 845 1138 discordia
889 1088 1071 1137 civilis
1115 1091 1279 1151 grata
1324 1089 1509 1151 fuere,
1560 1089 1741 1150 ibique
1782 1090 2119 1149 iuventutem
2162 1100 2319 1137 suam

573 1177 832 1225 exercuit.
888 1173 1095 1239 Corpus
1123 1178 1335 1239 patiens
1356 1178 1588 1238 inediae,
1620 1178 1847 1240 algoris,
1872 1176 2115 1239 vigiliae,
2150 1188 2318 1237 supra

500 1268 564 1323 10
576 1276 732 1325 quam
764 1265 1010 1327 cuiquam
1046 1264 1306 1314 credibile
1343 1267 1441 1315 est.
1516 1266 1735 1314 Animus
1784 1266 1986 1326 audax,
2036 1263 2319 1331 subdolus,

571 1354 778 1415 varius,
813 1354 1006 1415 quoius
1038 1354 1122 1402 rei
1157 1352 1307 1402 lubet
1329 1352 1614 1403 simulator
1636 1366 1703 1403 ac
1724 1352 2109 1417 dissimulator,
2144 1353 2315 1403 alieni

573 1446 865 1505 appetens,
922 1442 1007 1491 sui
1050 1442 1330 1507 profusus,
1382 1443 1583 1491 ardens
1617 1444 1673 1490 in
1711 1442 2127 1505 cupiditatibus3
2182 1443 2318 1491 satis

575 1527 939 1593 eloquentiae,
973 1532 1274 1591 sapientiae
1309 1542 1515 1591 parum.
1585 1530 1791 1579 Vastus
1829 1532 2039 1579 animus
2072 1530 2318 1579 inmode-

574 1623 725 1679 rata,
778 1616 1152 1682 incredibilia,
1203 1620 1361 1667 nimis
1407 1617 1524 1667 alta
1562 1630 1776 1680 semper
1824 1620 2090 1679 cupiebat.
2159 1620 2317 1669 Hunc

499 1716 562 1768 15
577 1710 700 1767 post
724 1706 1139 1755 dominationem
1166 1706 1303 1754 Luci
1322 1705 1509 1757 Sullae
1542 1706 1727 1757 lubido
1761 1717 2006 1755 maxuma
2036 1706 2316 1756 invaserat

570 1794 655 1842 rei
681 1793 931 1854 publicae
967 1792 1283 1859 capiundae,
1318 1806 1491 1856 neque
1528 1796 1582 1843 ld
1618 1795 1809 1857 quibus
1842 1793 2015 1843 modis
2050 1796 2317 1857 adsequeq-

570 1884 744 1943 retur,
782 1881 902 1931 dum
924 1882 1027 1931 sibi
1050 1895 1277 1945 regnum
1314 1886 1554 1950 pararet,
1588 1885 1870 1945 quidquam
1896 1882 2047 1943 pensi
2074 1883 2323 1933 babebat.

571 1970 900 2031 Agitabatur
932 1973 1107 2032 magis
1140 1973 1421 2034 magisque
1454 1975 1513 2020 in
1550 1974 1667 2021 dies
1703 1973 1911 2020 animus
1942 1971 2101 2020 ferox
2134 1972 2319 2035 inopia

571 2058 654 2106 rei
689 2057 977 2110 familiaris
1017 2062 1074 2108 et
1110 2060 1451 2111 conscientia
1484 2059 1771 2124 scelerum,
1808 2072 1945 2121 quae
1982 2064 2211 2122 utraque
2236 2061 2321 2110 his

495 2146 782 2204 20artibus
815 2150 1059 2211 auxerat,
1097 2159 1232 2209 quas
1255 2159 1421 2208 supra
1444 2148 1757 2196 memoravi.
1810 2149 2117 2199 Incitabant
2152 2161 2316 2210 prae-

569 2234 724 2282 terea
757 2235 1002 2296 corrupti
1038 2235 1281 2285 civitatis
1314 2246 1512 2298 murce,
1547 2248 1679 2297 quos
1714 2247 1963 2298 pessuma
1996 2248 2065 2286 ac
2097 2237 2319 2288 divorsa

565 2322 713 2371 inter
746 2333 808 2370 se
843 2322 1018 2386 mala,
1067 2323 1287 2372 luxuria
1326 2325 1485 2385 atque
1519 2324 1789 2388 avaritia,
1837 2327 2131 2376 vexabant.
2202 2326 2319 2376 Res

565 2409 687 2470 ipsa
721 2408 930 2460 hortari
968 2411 1197 2475 videtur,
1232 2413 1487 2474 quoniam
1518 2410 1585 2459 de
1623 2412 1863 2460 moribus
1895 2414 2145 2463 civitatis
2178 2418 2321 2464 tem-

567 2509 668 2558 pus
703 2499 1003 2557 admonuit,
1047 2511 1212 2560 supra
1247 2501 1499 2561 repetere
1534 2511 1599 2548 ac
1636 2501 1825 2560 paucis
1856 2503 2106 2552 instituta
2138 2501 2319 2552 maio-

493 2589 558 2640 25
570 2597 690 2634 rum
715 2587 858 2636 domi
879 2585 1233 2650 militiaeque,
1266 2589 1531 2649 quomodo
1569 2594 1685 2636 rem
1720 2587 1992 2650 publicam
2030 2591 2317 2640 habuerint

565 2678 922 2738 quantamque
971 2675 1322 2737 reliquerint,
1368 2676 1427 2723 ut
1464 2674 1745 2736 paullatim
1782 2677 2047 2726 inmutata
2082 2689 2151 2726 ex
2190 2678 2318 2739 pul-

565 2761 850 2812 cherruma
884 2774 1134 2824 pessuma
1158 2775 1224 2811 ac
1249 2763 1692 2826 flagitiosissuma
1715 2764 1867 2814 facta
1896 2766 1989 2828 sit,
2027 2767 2314 2817 disserere.

673 2848 726 2896 6.
766 2851 962 2898 Urbem
999 2851 1254 2915 Romam,
1290 2851 1454 2899 sicuti
1490 2863 1595 2914 ego
1632 2854 1851 2918 accepi,
1902 2854 2193 2905 condidere
2224 2858 2313 2905 at-

565 2946 668 2996 que
722 2937 958 2986 habuere
1012 2937 1168 2985 initio
1215 2938 1464 3005 Troiani,
1534 2941 1623 3001 qui
1669 2941 1859 2988 Aenea
1908 2941 2044 2990 duce
2093 2943 2315 3006 profugi

489 3020 789 3080 aosedibus
842 3025 1068 3074 incertis
1122 3025 1497 3091 vagabantur,
1552 3039 1777 3089 cumque
1829 3025 1914 3078 his
1966 3029 2317 3096 Aborigines,

664 3168 700 3206 1.
737 3169 898 3206 aestimo
925 3167 976 3208 V.
1003 3186 1052 3194 ——
1088 3166 1127 3206 2.
1157 3168 1269 3206 cuius
1294 3167 1345 3207 V.
1362 3167 1413 3207 K.
1442 3167 1509 3217 (et
1532 3170 1595 3208 sic
1620 3170 1808 3220 ubique).
1837 3191 1885 3200 —
1920 3171 1959 3210 9.
1991 3173 2169 3222 vigiliae,
2196 3175 2314 3223 αἱμα..

547 3237 620 3288 ,νὴ
647 3235 697 3274 Κ.
727 3255 776 3264 -·-
815 3234 877 3273 11.
907 3233 1001 3272 la'bet
1026 3235 1072 3273 V.
1099 3235 1306 3274 cuiuslibet
1328 3238 1391 3274 rei
1416 3237 1465 3276 V.
1495 3257 1545 3266 --
1597 3238 1655 3279 13.
1685 3238 1906 3287 loquentiu
1933 3240 2121 3279 Valerius
2146 3242 2309 3282 Probus

564 3302 672 3354 apud
696 3301 803 3343 Geli.
831 3303 864 3344 l.
886 3303 943 3344 ¹5.
971 3325 1020 3333 -
1045 3303 1106 3344 26.
1137 3309 1255 3355 utque
1269 3308 1317 3348 V.
1346 3327 1395 3337 —-
1417 3306 1479 3347 27.
1510 3312 1626 3357 aeque
1639 3305 1689 3346 V.
1717 3326 1763 3336 -
1788 3305 1853 3346 30.
1884 3309 2047 3347 incertis
2071 3310 2231 3350 nedibus
2257 3313 2307 3352 Y.
