2525 3925
535 296 644 345 816
1078 292 1437 346 ΕΡΙΤΟΜΑΕ
1472 296 1535 345 Τ.
1566 294 1748 347 mvn

1199 441 1246 489 L
1263 442 1286 488 i
1304 441 1335 490 b
1356 452 1387 488 e
1404 452 1434 489 r
1487 436 1592 489 CX.

631 553 689 605 C.
716 550 920 605 Caesar
949 554 1269 621 Massiliam,
1307 569 1447 617 quae
1483 559 1667 617 portas
1702 556 1805 617 ipsi
1839 555 2133 626 clauserat,
2167 560 2283 610 ob-

531 643 705 707 sedit;
743 646 796 693 et
828 642 1040 692 relictis
1073 644 1132 691 in
1167 643 1445 691 obsidione
1482 646 1631 693 urbis
1668 646 1785 693 eius
1820 644 2020 707 legatis
2045 643 2102 694 C.
2128 646 2281 696 Tre-

531 732 691 781 bonio
729 734 785 780 et
820 731 883 779 D.
907 732 1086 795 Bruto,
1127 731 1407 792 profectus
1450 732 1503 778 in
1542 732 1852 791 Hispaniam
1891 732 1953 779 L.
1977 733 2279 783 Afranium

487 814 587 868 5et
620 821 693 867 Μ.
720 818 988 867 Petreium
1024 818 1238 881 legatos
1279 814 1371 867 Cn.
1398 817 1641 878 Pompeii
1678 830 1802 867 cum
1836 822 2047 880 septem
2084 820 2277 884 legio·

526 905 683 954 nibus
722 906 788 954 ad
825 903 1064 954 Ilerdam
1105 908 1161 953 in
1199 902 1519 952 deditionem
1557 905 1800 970 accepit,
1850 916 2145 967 omnesque
2178 907 2273 956 in-

527 992 771 1041 columes
817 994 1044 1057 dimisit,
1095 994 1345 1042 Varrone
1392 1002 1600 1053 quoque
1643 992 1829 1054 legato
1864 992 2105 1055 Pompeii
2142 1004 2275 1044 cum

525 1081 769 1129 exercitu
815 1081 873 1129 in
919 1082 1243 1141 potestatem
1297 1092 1448 1129 suam
1483 1080 1723 1129 redacto.
1798 1080 2084 1130 Gaditanis
2120 1083 2273 1132 civi-

523 1168 695 1215 tatem
750 1166 910 1215 dedit.
1006 1168 1383 1216 Massilienses
1438 1154 1642 1215 duobus
1695 1166 1981 1217 navalibus
2037 1168 2274 1230 proeliis

452 1248 516 1299 10
531 1253 659 1301 victi
695 1256 820 1313 post
854 1254 1071 1317 longam
1098 1254 1433 1304 obsidionem
1466 1256 1725 1315 potestati
1748 1252 2001 1305 Caesaris
2036 1268 2099 1306 se
2135 1270 2273 1319 per-

523 1342 804 1389 miserunt.
890 1339 948 1390 C.
997 1343 1264 1391 Antonius
1312 1342 1529 1405 legatus
1573 1341 1825 1392 Caesaris
1870 1343 2015 1393 male
2064 1348 2267 1396 contra

520 1427 879 1488 Pompeianos
914 1430 970 1477 in
1001 1428 1232 1491 Illyrico
1263 1430 1425 1479 rebus
1462 1432 1633 1493 gestis
1672 1436 1865 1493 captus
1900 1434 1985 1481 est
1996 1446 2017 1495 3
2058 1433 2117 1480 in
2154 1444 2263 1495 quo

520 1514 667 1566 bello
706 1516 1012 1580 Opitergini
1048 1518 1451 1583 Transpadani,
1494 1516 1745 1569 Caesaris
1779 1519 2104 1590 augiliares,
2140 1524 2267 1570 rate

519 1616 618 1653 sua
652 1604 719 1653 ab
759 1604 1047 1655 hostilibus
1081 1606 1311 1654 navibus
1352 1604 1563 1669 clausa,
1602 1608 1781 1668 potius
1818 1618 1981 1672 quam
2014 1610 2069 1657 in
2106 1610 2266 1670 pote—

446 1692 509 1742 15
523 1696 718 1741 statem
763 1694 1000 1743 hostium
1048 1695 1333 1756 venirent,
1386 1694 1528 1743 inter
1562 1707 1624 1744 se
1660 1695 2053 1745 concurrentes
2076 1708 2265 1769 ‘occu-

518 1781 765 1831 buerunt.
838 1779 894 1830 C.
942 1779 1138 1847 Curio,
1192 1782 1409 1845 legatus
1461 1778 1713 1831 Caesaris
1759 1785 1816 1831 in
1861 1782 2083 1850 Africa,
2138 1796 2262 1835 cum

516 1881 778 1931 prospere
827 1869 1090 1918 adversus
1125 1870 1337 1919 Varum
1385 1869 1828 1931 Pompeianarum
1878 1873 2111 1933 partium
2158 1873 2263 1921 du-

517 1968 632 2008 cem
667 1959 990 2023 pugnasset,
1041 1971 1075 2007 a
1111 1958 1246 2008 Iuba
1280 1970 1413 2020 rege
1450 1958 1815 2007 Mauritaniae
1852 1971 1968 2008 cum
2011 1962 2262 2011 exercitu

519 2056 712 2095 caesus
750 2048 851 2094 est.
923 2042 980 2094 C.
1015 2041 1219 2096 Caesar
1253 2047 1311 2093 in
1350 2045 1639 2095 Graeciam
1674 2046 1908 2118 traiecit.

442 2233 509 2286 20
1177 2238 1411 2289 Liber
1464 2235 1597 2290 CXI.

613 2363 688 2411 M.
731 2357 950 2413 Caelius
995 2361 1168 2413 Rufus
1221 2369 1460 2430 praetor,
1511 2377 1631 2416 cum
1664 2366 1961 2418 seditiones
2008 2369 2067 2418 in
2114 2370 2327 2421 urbem

511 2451 818 2500 concitaret
867 2462 1129 2500 novarum
1189 2451 1499 2501 tabularum
1557 2466 1656 2515 spe
1718 2455 1877 2515 plebe
1930 2455 2258 2525 sollicitata,

509 2539 776 2601 abrogato
810 2539 1136 2600 magistratu
1173 2539 1361 2601 pulsus
1399 2542 1531 2591 urbe
1568 2542 1765 2592 Miloni
1800 2543 1995 2610 exsuli,
2036 2547 2127 2608 qui
2162 2547 2256 2596 m-

507 2625 802 2686 gitivorum
835 2628 1161 2676 ‚exercitum
1202 2631 1577 2693 contraxerat,
1626 2641 1689 2678 se
1724 2632 2017 2682 coniunxit.
2087 2635 2257 2684 Uter-

431 2721 496 2773 25
510 2723 647 2776 que,
698 2725 817 2763 cum
856 2713 1062 2763 bellum
1099 2715 1452 2778 molirentur,
1486 2718 1769 2768 interfecti
1804 2721 1943 2770 sunt.
2014 2717 2255 2784 Cleopa-

506 2801 594 2850 tra
617 2802 864 2863 Aegypti
899 2805 1094 2864 regina
1118 2814 1153 2851 a
1180 2803 1498 2854 Ptolemaeo
1532 2805 1707 2854 fratre
1742 2817 1914 2869 regno
1950 2805 2115 2868 pulsa
2148 2813 2253 2860 est.

503 2885 732 2949 Propter
763 2886 830 2950 Q.
868 2886 1044 2940 Cassii
1095 2893 1361 2951 praetoris
1412 2894 1709 2942 avaritiam
1757 2893 2254 2959 crudelitatemque

506 2969 880 3024 Cordubenses
903 2978 960 3026 in
983 2978 1248 3039 Hispania
1287 2991 1407 3028 cum
1448 2978 1653 3030 duabus
1679 2981 2043 3032 Varronianis
2068 2983 2250 3048 legio-

501 3060 659 3110 nibus
709 3074 744 3111 a
791 3065 1038 3123 partibus
1079 3063 1335 3116 Caesaris
1381 3067 1747 3118 desciverunt.
1831 3066 1925 3118 Cn·
1964 3070 2251 3133 Pompeius

429 3159 496 3210 ao
510 3147 578 3198 ad
618 3149 1014 3209 Dyrrhachium
1051 3155 1311 3206 obsessus
1350 3167 1387 3204 a
1421 3152 1674 3219 Caesare,
1712 3160 1769 3206 et
1800 3159 2091 3220 praesidiis
2128 3162 2249 3212 eius

503 3248 626 3289 cum
661 3249 861 3302 magna
896 3239 1053 3292 clade
1089 3240 1345 3294 diversae
1396 3244 1569 3305 partis
1602 3245 1929 3308 expugnatis
1964 3247 2247 3300 obsidione
