2525 3925
835 356 1206 407 LIBRORUM
1240 354 1393 406 GXB.
1881 358 1988 407 31¹7

156 498 544 563 waliberatus,
591 500 860 551 translato
895 504 954 549 in
990 501 1332 550 Thessaliam
1368 501 1543 567 bello,
1578 504 1716 562 apud
1751 502 1987 552 Pharsa-

241 586 382 635 liam
427 588 548 637 acie
583 588 762 637 victus
799 592 900 637 est.
973 587 1164 638 Cicero
1209 592 1269 637 in
1319 590 1515 640 castris
1560 592 1849 653 remansit,
1899 592 1988 639 vir

241 673 387 721 nihil
421 676 597 723 minus
633 688 794 737 quam
831 676 900 725 ad
935 675 1082 725 bella
1117 680 1306 739 natus3
1349 678 1696 737 omnibusque
1723 678 1987 726 adversa-

241 772 368 809 rum
420 763 658 821 partium
677 796 693 827 ,
751 764 843 825 qui
896 776 957 812 se
1008 766 1272 825 potestati
1328 764 1554 813 victoris
1608 764 1989 829 permiserunt,

242 845 455 898 Caesar
487 850 721 913 ignovit.

897 994 943 1043 L
961 996 1034 1067 {¹²
1051 1008 1082 1043 c
1102 1008 1130 1045 r
1182 992 1343 1045 cxn.

351 1110 666 1171 'trepidatio
708 1111 975 1161 victarum
1021 1114 1252 1172 partium
1298 1114 1355 1159 in
1397 1111 1643 1161 diversas
1688 1112 1837 1162 orbis
1872 1114 1986 1161 ter-

242 1208 431 1247 rarum
481 1202 668 1257 partes
721 1200 778 1246 et
827 1199 958 1261 fuga
1007 1201 1335 1247 referuntur.
1406 1195 1501 1247 Cn.
1536 1198 1827 1259 PompeIus
1862 1209 1987 1247 cum

241 1285 565 1348 Aegyptum
601 1286 858 1349 petisset,
901 1286 1050 1334 iussu
1086 1286 1383 1337 Ptolemaei
1419 1288 1569 1348 regis
1616 1286 1835 1350 pupilli,
1886 1298 1987 1335 au-

244 1375 403 1420 ctore
437 1373 714 1421 Theodoto
761 1376 1149 1439 praeceptore,
1197 1375 1351 1421 cuius
1389 1385 1585 1436 magna
1618 1374 1761 1434 apud
1793 1370 2063 1436 regem10

243 1460 552 1509 auctoritas
586 1461 722 1521 erat,
760 1463 816 1507 et
851 1460 1096 1525 Pothino,
1133 1462 1348 1509 occisus
1382 1463 1467 1508 est
1500 1464 1569 1510 ab
1610 1460 1849 1522 Achilla,
1899 1461 1988 1508 cui

239 1545 300 1594 id
335 1546 551 1595 facinus
577 1550 697 1596 erat
719 1546 1046 1611 delegatum,
1081 1549 1138 1596 in
1163 1548 1442 1609 navicula,
1480 1550 1765 1608 antequam
1790 1548 1845 1594 in
1873 1551 1988 1595 ter-

239 1644 362 1682 ram
398 1634 592 1682 exiret.
661 1631 920 1683 Cornelia
959 1647 1097 1683 uxor
1131 1637 1188 1682 et
1222 1636 1348 1682 Sex.
1370 1636 1655 1695 Pompeius
1692 1633 1835 1681 filius
1872 1630 1987 1695 Cy-

239 1732 380 1782 pron
426 1723 766 1783 refugerunt.
838 1719 1041 1770 Caesar
1087 1727 1209 1782 post
1251 1723 1473 1770 tertium
1506 1720 1652 1769 diem
1686 1721 1985 1781 insecutuS,

240 1824 367 1861 cum
409 1812 461 1860 ei
501 1812 810 1861 Theodotus
848 1816 1008 1873 caput
1043 1813 1287 1874 Pompeii
1322 1813 1381 1860 et
1421 1809 1640 1860 anulum
1680 1808 1982 1870 obtulisset,
1997 1805 2059 1855 15

217 1900 300 1948 et
334 1896 570 1948 offensus
606 1903 690 1948 est
723 1905 778 1949 et
814 1899 1206 1963 illacrimavit3
1258 1910 1363 1947 nec
1411 1901 1529 1947 sine
1566 1898 1813 1959 periculo
1848 1895 1989 1945 Ale-

159 1985 546 2036 7o7xandream
589 1989 1004 2036 tumultuantem
1033 1988 1278 2038 intravit.
1350 1984 1554 2036 Caesar
1590 1987 1841 2036 dictator.
1860 1996 1986 2035 cre-

239 2077 370 2125 atus
407 2069 744 2136 Cleopatram
791 2077 850 2123 in
897 2087 1123 2138 regnum
1160 2075 1403 2137 Aegypti
1453 2075 1693 2138 reduxit,
1748 2076 1802 2123 et
1844 2074 1987 2122 infe-

237 2163 452 2212 rentem
501 2161 702 2211 bellum
745 2165 935 2213 iisdem
984 2165 1299 2214 auctoribus
1345 2162 1744 2226 Ptolemaeum,
1799 2162 1989 2223 quibus

239 2249 552 2309 Pompeium
585 2251 958 2311 interfecerat,
997 2263 1116 2301 cum
1148 2263 1345 2314 magno
1369 2263 1469 2299 suo
1494 2250 1803 2299 discrimine
1836 2249 1983 2298 vicit.
1996 2244 2063 2296 20

240 2335 588 2386 Ptolemaeus
625 2338 747 2386 dum
781 2339 939 2401 fugit,
975 2339 1033 2385 in
1055 2338 1183 2388 Nilo
1209 2337 1469 2385 navicula
1502 2337 1757 2386 subsedit.
1817 2337 1989 2384 Prae-

240 2428 402 2474 terea
442 2423 772 2474 laboriosum
809 2428 883 2473 M.
913 2421 1137 2474 Catonis
1172 2426 1230 2473 in
1253 2424 1449 2472 Africa
1485 2435 1583 2484 per
1619 2423 1836 2470 deserta
1862 2432 1986 2469 cum

241 2511 552 2572 legionibus
587 2513 724 2577 iter,
777 2515 834 2561 et
871 2512 1072 2562 bellum
1107 2525 1142 2562 a
1179 2509 1277 2560 Cn.
1313 2511 1553 2562 Domitio
1589 2512 1783 2560 contra
1819 2508 1987 2557 Phar-

239 2610 441 2650 uacent
477 2611 665 2662 parum
699 2611 959 2662 prospere
993 2602 1206 2663 gestum
1244 2600 1505 2650 continet.

887 2763 934 2812 L
951 2764 971 2812 i
990 2764 1025 2813 l>
1043 2776 1073 2812 e
1093 2775 1122 2812 l·
1176 2759 1365 2813 CXIII.

356 2864 698 2920 Confirmatis
732 2869 791 2918 in
820 2869 1012 2919 Africa
1044 2869 1383 2930 Pompeianis
1416 2870 1677 2932 partibus,
1710 2868 1990 2929 imperium

243 2969 434 3010 earum
474 2959 530 3005 P.
567 2958 808 3020 Scipioni
857 2955 1091 3006 delatum
1127 2960 1244 3018 est,
1289 2954 1528 3022 Catone,
1578 2958 1667 3006 cui
1710 2968 1777 3005 ex
1813 2967 1991 3018 aequo

243 3046 595 3096 deferebatur
638 3045 947 3108 imperium,
1006 3043 1251 3092 cedente.
1332 3044 1403 3092 Et
1452 3055 1571 3094 cum
1614 3043 1682 3093 de
1728 3043 1993 3094 diruenda

348 3247 410 3287 16.
438 3247 638 3298 offensus]
672 3252 840 3286 anctore
863 3248 922 3287 Gr
901 3248 1050 3288 ronovi
1053 3259 1078 3286 o
1103 3247 1279 3295 moyes}
1263 3258 1306 3295 ig
1330 3250 1371 3285 et
1396 3245 1623 3286 nokkerus.
1659 3247 1777 3290 Liba.
1796 3245 1988 3298 mue.

245 3337 296 3350 --
332 3326 406 3354 nec
429 3315 544 3366 sine]
577 3321 744 3356 auctore
781 3315 924 3356 eodem
947 3315 1085 3356 iidem.
1140 3315 1256 3355 Libri
1282 3315 1469 3354 omittunt
1492 3325 1577 3359 nec.

1998 2768 2063 2816 25
