2525 3925
41 2946 63 2959 ἦ

81 2750 149 2922 ’,Ἴ-μ

608 288 733 383 194
1150 329 1205 381 c.
1242 318 1540 383 SALUSTI
1576 328 1822 382 Clusm-

612 491 731 529 cum
770 479 1061 543 Iugurthae
1096 480 1324 541 perditis
1359 479 1628 529 misceret.
1699 477 1785 526 Ad
1819 488 1886 525 ea
1918 488 2016 526 rex
2051 476 2188 525 satis
2233 476 2372 537 pla-

608 568 729 619 cide
775 568 949 617 verba
990 568 1159 617 tacit:
1216 578 1341 617 sese
1387 578 1577 629 pacem
1631 576 1864 631 cupere,
1913 566 2007 615 sed
2055 565 2369 627 Iugurthae

608 658 952 707 fortunarum
990 656 1276 718 misereri3
1323 656 1372 703 si
1407 656 1596 709 eadem
1632 652 1718 703 illi
1753 654 1912 715 copia
1947 650 2133 716 fieret,
2173 654 2370 703 omnia

608 746 959 797 conventura.
1031 745 1241 794 Rursus
1287 744 1582 805 imperator
1615 746 1810 791 contra
1843 740 2120 803 postulata
2153 740 2368 791 Bocchi

567 835 829 885 5nuntios
860 834 1062 896 mittit3
1110 832 1211 881 ille
1245 834 1480 893 probare
1514 832 1738 893 partim,
1797 827 1911 879 alia
1947 830 2202 882 abnuere.
2281 830 2366 879 Eo

606 922 762 971 modo
796 934 963 983 saepe
987 921 1055 971 ab
1081 923 1310 983 utroque
1343 919 1522 971 missis
1543 919 1894 982 remissisque
1915 918 2122 969 nuntiis
2147 922 2368 980 tempus

606 1011 905 1071 procedere
939 1013 997 1059 et
1026 1022 1095 1059 ex
1116 1006 1338 1059 Metelli
1362 1008 1646 1058 voluntate
1665 1008 1866 1065 bellum
1892 1009 2159 1059 intactum
2193 1008 2366 1057 trabi.

712 1095 805 1145 84.
876 1097 952 1147 At
1004 1098 1240 1162 Marius,
1297 1100 1356 1147 ut
1407 1108 1574 1158 supra
1617 1096 1873 1164 diximus,
1925 1098 2366 1161 cupientissuma

608 1182 768 1245 plebe
806 1183 997 1235 consul
1033 1183 1231 1250 factus,
1269 1189 1556 1248 postquam
1593 1186 1648 1233 ei
1679 1186 2018 1247 provinciam
2049 1186 2367 1235 Numidiam

535 1277 601 1329 10
612 1273 845 1337 populus
886 1274 1071 1336 iussit,
1106 1277 1273 1323 antea
1305 1275 1412 1323 iam
1447 1274 1680 1323 infestus
1717 1262 2020 1341 nobilitati,
2069 1276 2184 1323 tum
2221 1286 2366 1325 vero

582 1361 829 1416 multus.
852 1364 1011 1423 atque
1046 1362 1204 1413 ferox
1240 1362 1478 1423 instare,
1523 1361 1770 1426 singulos
1809 1362 1994 1426 modo,
2035 1364 2198 1413 modo
2237 1363 2365 1411 uni-

614 1462 810 1502 vorsos
842 1450 1093 1514 laedere3
1132 1451 1386 1501 dictitare
1421 1462 1548 1501 sese
1584 1449 1923 1502 consulatum
1962 1462 2034 1499 ex
2057 1452 2222 1500 vietis
2247 1450 2366 1501 illis

609 1538 787 1603 spolia
822 1540 1065 1602 cepisse3
1100 1538 1213 1589 alia
1245 1542 1536 1601 praeterea
1569 1538 1856 1601 magnifica
1889 1550 1990 1600 pro
2023 1550 2116 1601 se,
2155 1544 2214 1589 et
2249 1538 2364 1589 illis

614 1625 874 1677 dolentia.
925 1628 1175 1693 Interim,
1214 1638 1354 1690 quae
1389 1626 1533 1677 bello
1557 1638 1692 1689 opus
1715 1628 1888 1690 erant,
1924 1628 2098 1689 prima
2129 1626 2361 1689 babere;

537 1719 601 1771 15
619 1714 901 1780 postulare
930 1715 1237 1777 legionibus
1266 1715 1713 1781 subplementum,
1745 1714 1954 1765 auxilia
1988 1728 2023 1765 a
2057 1715 2284 1778 populis
2311 1720 2363 1765 et

600 1786 831 1869 ¹regibus
862 1805 1141 1867 sociisque
1166 1816 1474 1870 arcessere,
1509 1809 1796 1867 praeterea
1817 1816 1888 1853 ex
1909 1804 2074 1853 Latio
2097 1804 2360 1854 fortissu-

610 1905 754 1943 mum
782 1904 1067 1957 quemque,
1100 1892 1390 1955 plerosque
1413 1892 1662 1959 militiae,
1695 1904 1901 1954 paucos
1924 1894 2078 1941 fama
2101 1894 2353 1955 cognitos

610 1984 825 2046 accire,
862 1984 917 2031 et
952 1983 1239 2032 ambiundo
1283 1994 1483 2044 cogere
1519 1981 1760 2030 homines
1791 1983 2032 2032 emeritis
2069 1983 2356 2044 stipendiis

610 2083 795 2120 secum
842 2069 1132 2132 proficisci.
1200 2069 1392 2131 Neque
1441 2069 1529 2118 illi
1581 2074 1833 2135 senatus,
1885 2082 2206 2133 quamquam
2263 2073 2359 2120 ad-

534 2160 601 2214 20
615 2170 811 2208 vorsus
842 2161 989 2221 erat,
1024 2157 1092 2208 de
1130 2157 1242 2207 ullo
1281 2159 1504 2220 negotio
1548 2158 1788 2208 abnuere
1821 2160 2084 2222 audebat3
2117 2163 2358 2210 ceterum

610 2245 1035 2308 subplementum
1069 2247 1231 2296 etiam
1262 2245 1444 2296 laetus
1481 2248 1822 2309 decreverat,
1855 2249 1982 2309 quia
2011 2258 2188 2308 neque
2213 2245 2358 2309 plebi

610 2333 805 2385 militia
836 2332 1050 2384 volenti
1084 2336 1376 2396 putabatur
1411 2338 1468 2385 et
1497 2336 1710 2386 Marius
1749 2336 1844 2389 aut
1890 2333 2022 2385 belli
2074 2347 2228 2385 usum
2269 2341 2358 2386 aut

610 2421 793 2474 studia
842 2421 1002 2486 volgi
1056 2423 1373 2474 amissurus.
1441 2423 1552 2472 Sed
1599 2435 1670 2474 ea
1718 2435 1808 2474 res
1855 2423 2064 2477 frustra
2107 2429 2358 2487 sperata3

543 2573 549 2580 .
592 2513 766 2564 *tanta
801 2510 986 2561 lubido
1028 2523 1148 2565 cum
1173 2513 1354 2562 Mario
1385 2512 1548 2562 eundi
1574 2512 1868 2574 plerosque
1886 2513 2186 2562 invaserat.
2223 2513 2358 2562 Sese

536 2603 601 2664 25
618 2601 849 2662 quisque
884 2599 1089 2661 praeda
1128 2598 1462 2662 locupletem
1511 2602 1660 2667 fore,
1712 2601 1976 2650 victorem
2019 2601 2235 2651 domum
2271 2613 2358 2650 re·-

609 2689 859 2752 diturum‚
896 2687 1008 2739 alia
1042 2687 1409 2740 huiuscemodi
1443 2689 1638 2741 animis
1678 2689 1980 2753 trabebant,
2023 2692 2082 2740 et
2115 2699 2218 2738 eos
2253 2701 2356 2740 non

606 2775 849 2840 paullum
883 2777 1135 2828 oratione
1166 2788 1269 2827 sua
1289 2778 1500 2828 Marius
1534 2778 1839 2828 adr-exerat.
1897 2777 2035 2828 Nam
2070 2781 2354 2840 postquam

610 2867 885 2929 omnibus,
940 2877 1081 2929 quae
1131 2864 1545 2932 postulaverat,
1601 2865 1840 2916 decretis
1878 2864 2080 2922 milites
2113 2867 2356 2918 seribere

611 2953 761 3018 volt,
796 2952 1049 3004 hortandi
1086 2965 1279 3017 causa,
1313 2952 1484 3004 simul
1517 2955 1576 3004 et
1607 2952 1974 3018 nobilitatem,
2010 2954 2090 3004 uti
2125 2965 2358 3006 consue-

536 3042 804 3106 wverat,
835 3043 1179 3109 exagitandi,
1216 3045 1522 3092 contionem
1554 3041 1738 3104 populi
1776 3042 2090 3092 advocavit.
2153 3042 2358 3092 Deinde

612 3129 713 3178 hoc
748 3129 904 3179 modo
939 3129 1223 3182 disseruit:

712 3329 772 3369 16.
802 3339 1005 3370 accersere
1029 3331 1080 3372 G.
1109 3331 1160 3372 Κ.
1192 3353 1237 3364 —-
1271 3332 1330 3372 21.
1357 3331 1471 3382 plebe
1493 3332 1679 3374 militiam
1709 3331 1860 3372 volente
1884 3333 1931 3374 V.
1957 3353 2006 3363 —
2041 3333 2104 3375 Β.
2129 3345 2212 3374 om.
2243 3341 2284 3374 et
2307 3335 2354 3376 V.
