2525 3925
613 339 684 412 ρο
1151 335 1209 388 ο.
1243 337 1547 393 sannen
1584 333 1815 388 caiani

718 483 811 534 25.
865 485 964 534 Bis
1017 484 1222 536 litteris
1279 485 1529 534 recitatis
1580 485 1765 550 fuere,
1816 483 1907 546 qui
1948 484 2255 535 exercitum
2306 486 2365 533 in

615 574 857 623 Africam
895 574 1208 623 mittendum
1246 578 1532 622 censerent
1580 575 1635 622 et
1677 583 1833 634 quam
1877 573 2107 634 primum
2141 573 2365 622 Adher-

617 661 728 712 bali
762 660 1222 722 subveniundum3
1280 658 1347 708 de
1394 661 1653 724 Iugurtha
1702 661 1919 710 interim
1968 664 2046 710 uti
2096 661 2363 710 consule-

617 757 797 814 retur,
856 751 1102 812 quoniam
1152 747 1353 810 legatis
1397 760 1505 798 non
1551 750 1839 810 paruisset.
1910 748 2019 798 Sed
2068 751 2137 798 ab
2189 751 2363 798 isdem

577 837 732 889 5illis
769 831 916 902 regis
950 837 1252 888 fautoribus
1288 849 1493 886 summa
1534 848 1639 898 ope
1688 839 1927 904 enisum,
1983 847 2053 886 ne
2098 835 2218 886 tale
2268 838 2367 886 de-

510 940 527 1006 ‘i
618 930 824 977 cretum
879 927 1047 976 fieret.
1118 928 1203 974 Ita
1252 925 1446 973 bonum
1501 924 1803 998 publicum,
1857 929 1917 974 ut
1968 926 2025 974 in
2082 924 2365 988 plerisque

616 1016 852 1078 negotiis
893 1013 1063 1078 solet,
1118 1015 1337 1076 privata
1380 1013 1563 1076 gratia
1599 1014 1884 1064 devictum.
1955 1013 2243 1076 negantur
2279 1018 2367 1063 ta-

617 1115 736 1150 men
773 1106 829 1150 in
856 1101 1095 1150 Africam
1130 1102 1365 1150 maiores
1389 1105 1539 1162 natu,
1574 1101 1801 1166 nobiles,
1836 1101 2032 1162 amplis
2067 1101 2367 1150 bonoribus

620 1192 732 1252 usi3
783 1192 840 1238 in
879 1190 1000 1252 quis
1036 1189 1142 1238 fuit
1174 1191 1247 1238 M.
1286 1190 1553 1249 Scaurus,
1588 1189 1654 1236 de
1689 1200 1792 1250 quo
1827 1201 1993 1250 supra
2028 1191 2365 1238 memoravi-

545 1267 770 1342 101'nus,
823 1276 1124 1328 consularis
1165 1281 1220 1326 et
1256 1279 1370 1324 tum
1405 1278 1461 1325 in
1496 1279 1692 1326 senatu
1727 1278 1996 1339 princeps.
2070 1277 2170 1340 ni,
2223 1279 2365 1339 quod

620 1378 708 1415 res
746 1367 801 1415 in
838 1366 1047 1413 invidia
1081 1367 1218 1429 erat,
1253 1363 1416 1414 simul
1451 1366 1508 1414 et
1542 1365 1609 1413 ab
1646 1365 1895 1413 Numidis
1934 1366 2229 1428 obsecrati,
2265 1367 2369 1414 tri-

619 1455 724 1503 duo
751 1454 930 1502 navim
955 1455 1274 1519 ascendere,
1309 1451 1433 1502 dein
1475 1453 1627 1501 brevi
1651 1453 1866 1504 Uticam
1891 1452 2109 1514 adpulsi
2144 1451 2369 1502 litteras

617 1543 684 1591 ad
729 1543 1040 1605 Iugurtham
1081 1543 1326 1608 mittunt,
1383 1552 1539 1603 quam
1588 1543 1856 1592 ocissume
1905 1539 1975 1592 ad
2025 1541 2367 1601 provinciam

619 1629 878 1692 accedat,
931 1642 1098 1692 seque
1133 1628 1202 1680 ad
1237 1643 1358 1680 eum
1393 1630 1460 1680 ab
1492 1632 1685 1683 senatu
1720 1631 1928 1680 missos.
1998 1627 2101 1678 Ille
2138 1629 2233 1678 ubi
2270 1641 2369 1678 ac-

545 1716 608 1767 15
625 1722 770 1780 cepit
806 1719 1048 1768 homines
1085 1718 1285 1781 claros,
1326 1729 1551 1780 quorum
1586 1719 1964 1768 auctoritatem
1998 1717 2207 1766 Romae
2248 1717 2370 1780 pol-

619 1807 736 1857 lere
771 1808 1086 1871 audiverat,
1143 1810 1337 1857 contra
1372 1807 1646 1868 inceptum
1679 1817 1832 1856 suum
1879 1806 2133 1871 venisse,
2184 1808 2367 1868 primo

621 1901 936 1963 conmotus,
995 1900 1140 1945 metu
1204 1900 1365 1959 atque
1422 1894 1662 1944 lubidine
1722 1893 1973 1942 divorsus
2031 1896 2367 1958 agitabatur.

551 1992 558 2001 ⁶
620 1984 862 2035 Timebat
886 1987 1020 2034 iram
1046 1988 1287 2051 senatus,
1320 1986 1378 2035 ni
1402 1984 1672 2046 paruisset
1692 1982 1923 2047 legatis3
1960 1994 2125 2045 porro
2151 1985 2369 2034 animus

622 2072 870 2132 cupidine
924 2083 1122 2120 caecus
1179 2073 1254 2125 ad.
1305 2073 1578 2133 inceptum
1626 2070 1811 2121 scelus
1862 2072 2127 2132 rapiebat.
2210 2072 2371 2123 Vicit

546 2161 612 2211 20
626 2161 803 2208 tamen
841 2160 898 2206 in
933 2157 1098 2207 avido
1136 2160 1355 2221 ingenio
1390 2170 1615 2221 pravum
1640 2158 1943 2209 consilium.
1995 2161 2175 2223 Igitur
2199 2172 2374 2211 exer-

624 2248 736 2295 citu
789 2244 1126 2295 circumdato
1183 2258 1389 2297 summa
1436 2248 1501 2302 ,νὶ
1545 2244 1747 2296 Cirtam
1800 2250 2107 2311 inrumpere
2152 2250 2373 2313 nititur,

622 2347 866 2384 maxume
887 2345 1130 2396 sperans,
1165 2336 1385 2384 diducta
1408 2347 1566 2384 manu
1607 2336 1835 2385 bostium
1870 2339 1966 2385 aut
1997 2338 2054 2385 vi
2090 2341 2188 2387 aut
2224 2338 2374 2387 dolis

621 2436 744 2473 sese
787 2434 968 2473 casum
1007 2422 1279 2473 victoriae
1314 2424 1673 2473 inventurum.
1716 2420 1872 2485 Quod
1912 2425 2002 2473 ubi
2034 2436 2197 2475 secus
2232 2438 2375 2488 pro-

623 2510 768 2561 cedit
804 2522 978 2573 neque
1026 2510 1164 2574 quod
1214 2511 1525 2562 intenderat
1575 2510 1795 2561 efficere
1849 2515 2054 2575 potest,
2110 2517 2168 2563 ut
2214 2515 2375 2575 prius

546 2597 610 2647 25
626 2612 784 2663 quam
816 2599 1030 2665 legatos
1067 2603 1405 2668 conveniret,
1441 2599 1765 2650 Adherbalis
1804 2601 2070 2662 potiretur
2080 2615 2098 2665 3
2139 2613 2209 2651 ne
2248 2614 2377 2653 am-

621 2686 764 2751 plius
802 2687 1061 2739 morando
1098 2689 1389 2752 Scaurum,
1430 2700 1581 2751 quem
1616 2687 1915 2751 plurumum
1951 2691 2241 2747 metuebat,
2281 2692 2379 2739 in·-

597 2779 911 2852 -cenderet,
966 2788 1086 2827 cum
1141 2778 1330 2837 paucis
1382 2778 1647 2839 equitibus
1698 2778 1753 2825 in
1802 2779 2136 2839 provinciam
2190 2781 2375 2829 veuit.

621 2864 705 2914 Ac
757 2866 974 2914 tametsi
1025 2864 1203 2913 senati
1250 2863 1433 2913 verbis
1485 2876 1685 2927 graves
1740 2867 1917 2916 minae
1960 2867 2377 2935 nuntiabantur,

625 2953 764 3012 quod
802 2953 870 3001 ab
904 2951 1309 3016 oppugnatione
1342 2963 1450 3000 non
1478 2950 1781 3015 desisteret,
1815 2952 1987 3003 multa
2015 2958 2194 3006 tamen
2229 2968 2377 3006 ora-

547 3035 614 3086 30
626 3040 773 3087 tione
809 3042 1127 3102 consumpta
1162 3039 1333 3105 legati
1366 3040 1573 3091 frustra
1608 3040 1927 3091 discessere.

717 3182 756 3223 4.
792 3194 868 3220 non
889 3186 1091 3233 par-uisset
1115 3184 1257 3234 legatia
1283 3184 1333 3222 V.
1362 3205 1408 3215 -
1455 3182 1495 3223 7.
1535 3182 1730 3223 deviem
1755 3190 1813 3223 ese
1837 3184 1883 3223 V.
1912 3206 1961 3215 —
2010 3186 2074 3227 10.
2114 3192 2205 3225 me
2228 3186 2288 3227 K.
2325 3211 2373 3221 -

621 3256 700 3289 em
725 3256 882 3290 senam
909 3252 956 3291 V.
986 3272 1036 3280 —
1073 3253 1132 3292 11.
1162 3254 1205 3291 εἰ·
1228 3250 1382 3291 invidia
1407 3264 1472 3290 ree
1497 3250 1544 3290 V.
1574 3272 1621 3281 --
1659 3252 1719 3292 18.
1748 3250 1889 3291 deinde
1914 3252 1967 3294 it.
1996 3276 2043 3285 —
2086 3254 2147 3295 u.
2177 3268 2221 3294 u
2244 3256 2302 3296 V.
2323 3280 2371 3289 —

623 3318 682 3359 18.
713 3320 841 3358 sm&
865 3318 918 3361 K.
948 3340 994 3351 -
1046 3319 1107 3361 19.
1136 3318 1369 3372 rapula-eu·
1394 3320 1441 3358 V·
1471 3320 1523 3361 θ.
1554 3341 1600 3351 -
1638 3320 1700 3360 u.
1726 3322 1786 3360 nea·
1809 3320 1861 3363 Κ.
1896 3343 1942 3353 -
1979 3322 2044 3365 ¹8.
2072 3329 2231 3363 emm
2258 3324 2314 3366 V.
