2525 3925
605 332 685 387 Ἢ)
1141 327 1204 384 0.
1241 330 1545 385 SALUSTI
1584 326 1817 384 emam

717 478 805 532 is.
841 481 1082 532 Africam
1117 479 1273 530 initio
1308 479 1543 531 habuere
1574 477 1795 530 Gaetuli
1831 482 1887 528 et
1910 474 2137 542 Libyes,
2171 481 2366 538 asperi

611 570 951 634 incultique,
1021 570 1142 631 quis
1197 569 1349 618 cibus
1402 571 1521 617 erat
1572 579 1703 617 earo
1754 566 1933 616 ferina
1983 569 2152 628 atque
2205 567 2365 615 humi

610 659 902 722 pabulum,
941 659 1018 707 uti
1056 659 1361 720 pecoribus.
1420 655 1491 705 ni
1528 667 1706 718 neque
1740 656 1981 705 moribus
2016 665 2195 716 neque
2235 655 2365 718 lege

613 753 709 797 aut
759 747 991 808 imperio
1047 748 1402 808 quoiusquam
1456 746 1787 808 regebantur
1801 757 1821 808 3
1872 743 2031 808 vagi,
2082 742 2362 804 palantes,

567 834 722 898 siqua
754 848 861 884 nox
898 834 1187 902 coegerat,
1239 835 1397 884 sedes
1450 833 1730 883 habebant.
1802 833 1911 882 Sed
1956 836 2248 894 postquam
2302 833 2362 879 in

607 923 871 985 Rispania
905 922 1210 986 Hercules,
1261 922 1425 971 sicuti
1462 920 1595 970 Afri
1631 922 1850 986 putant,
1898 921 2133 984 interiit,
2190 927 2360 968 exer-

612 1013 750 1060 citus
787 1013 935 1076 eius,
973 1011 1305 1072 compositus
1341 1021 1409 1059 ex
1443 1009 1616 1058 variis
1650 1009 1931 1075 gentibus,
1978 1010 2179 1057 amisso
2218 1007 2360 1056 duee

608 1105 676 1149 ae
727 1098 928 1159 passim
980 1098 1166 1147 multis
1223 1099 1329 1148 sibi
1384 1099 1614 1160 quisque
1678 1098 1970 1158 imperium
2025 1097 2360 1160 petentibus,

611 1187 766 1235 brevi
813 1185 1088 1236 dilabitur.
1159 1185 1245 1235 Ex
1295 1197 1362 1235 eo
1406 1196 1635 1234 numero
1683 1187 1858 1249 Medi,
1909 1183 2109 1234 Persae
2153 1188 2211 1232 et
2248 1185 2359 1232 Ar-

535 1275 803 1337 10menii,
842 1274 1068 1323 navibus
1105 1274 1161 1322 in
1197 1273 1439 1323 Africam
1482 1274 1798 1336 transvecti,
1835 1282 2125 1334 proxumos
2162 1277 2357 1322 nostro

609 1365 750 1412 mari
799 1362 954 1412 locos
1007 1373 1370 1423 occupavere.
1458 1360 1565 1411 Sed
1618 1359 1818 1412 Persae
1874 1363 2019 1410 intra
2071 1357 2357 1410 Oceanum

607 1451 826 1514 magis3
869 1451 1032 1513 hique
1071 1452 1262 1500 alveos
1304 1451 1526 1498 navium
1560 1452 1811 1499 invorsos
1846 1463 1944 1512 pro
1982 1452 2219 1512 tuguriis
2258 1451 2359 1499 ha-

608 1542 803 1603 buere,
855 1541 983 1601 quia
1026 1547 1201 1601 neque
1236 1541 1471 1589 materia
1503 1539 1561 1586 in
1601 1539 1751 1602 agris
1786 1548 1959 1600 neque
1992 1537 2058 1586 ab
2096 1537 2358 1598 Hispanis

607 1629 821 1676 emundi
858 1631 953 1677 aut
985 1627 1227 1676 mutandi
1254 1627 1415 1688 copia
1438 1630 1586 1690 erat3
1620 1621 1770 1676 mare
1798 1636 2049 1690 magnum
2075 1630 2130 1675 et
2156 1627 2356 1692 ignara

531 1714 803 1778 iblingua
839 1718 1177 1765 commercia
1206 1715 1577 1777 prohibebant.
1649 1712 1719 1763 m
1752 1713 2039 1776 paullatim
2077 1725 2179 1776 per
2218 1726 2355 1764 con-

606 1805 772 1852 nubia
811 1802 1076 1854 Gaetulos
1123 1815 1313 1854 secum
1356 1805 1661 1868 miscuere,
1712 1808 1768 1852 et
1812 1805 1938 1865 quia
1990 1811 2160 1864 saepe
2208 1808 2354 1853 tem-

605 1894 822 1953 ptantes
857 1903 1024 1956 agros
1055 1892 1198 1960 alia,
1255 1894 1447 1942 deinde
1484 1891 1597 1941 alia
1629 1889 1755 1939 loca
1794 1893 2131 1954 petiverant,
2170 1899 2353 1942 semet

603 1982 712 2040 ipsi
762 1981 1040 2031 Nomadas
1093 1980 1461 2042 adpellavere.
1552 1978 1802 2029 Ceterum
1865 1980 2037 2028 adhuc
2099 1980 2356 2031 aedificia

605 2066 966 2118 Numidarum
1002 2070 1332 2131 agrestium,
1387 2078 1525 2129 quae
1560 2065 1799 2129 mapalia
1834 2066 1918 2116 illi
1962 2073 2197 2135 vocant,
2256 2070 2353 2120 ob-

529 2152 807 2218 zolonga,
861 2156 1104 2204 incurvis
1137 2154 1400 2205 lateribus
1438 2139 1614 2220 t'ecia,
1668 2154 1823 2216 quasi
1870 2157 2088 2204 navium
2124 2160 2354 2209 carinae

604 2246 746 2291 suni.
818 2244 965 2292 Medi
1006 2248 1190 2293 autem
1227 2247 1284 2292 et
1318 2243 1574 2293 Armenii
1602 2254 1888 2292 accessere
1920 2242 2128 2307 Libyes
2186 2250 2349 2303 (nam

605 2329 662 2378 hi
705 2332 930 2391 propius
960 2339 1110 2381 mare
1147 2330 1397 2382 Africum
1449 2329 1757 2395 agitabant,
1810 2330 2027 2381 Gaetuli
2079 2336 2181 2383 sub
2231 2335 2351 2383 sole

604 2420 800 2481 magis,
841 2419 980 2467 baud
1006 2420 1197 2481 procul
1223 2421 1290 2469 ab
1318 2420 1602 2469 ardoribus
1615 2420 1673 2482 3)
1708 2418 1869 2482 hique
1904 2422 2115 2469 mature
2150 2420 2353 2483 oppida

601 2506 867 2569 habaet-03
904 2518 1032 2556 nam
1071 2506 1216 2558 freto
1254 2508 1417 2557 divisi
1442 2510 1509 2557 ab
1532 2506 1796 2569 Hispania
1830 2511 2043 2557 mutare
2078 2518 2169 2558 res
2207 2513 2352 2561 inter

526 2594 668 2645 esse
699 2596 1064 2645 instituerant.
1133 2592 1345 2645 Nomen
1394 2607 1583 2644 eornm
1633 2593 1921 2657 paullatim
1966 2596 2172 2658 Libyes
2214 2612 2349 2649 con·

599 2692 826 2748 rupere,
865 2684 1095 2733 barbara
1133 2682 1325 2747 Ilugua
1359 2684 1581 2733 Mauros
1631 2697 1729 2745 pro
1767 2686 1943 2733 Medis
1984 2684 2346 2746 adpellautes.

602 2772 712 2820 Sed
759 2784 848 2821 res
897 2772 1190 2821 Persarum
1244 2772 1401 2822 brevi
1450 2772 1719 2835 adolevit3
1773 2784 1840 2822 ac
1884 2775 2071 2835 postea
2124 2778 2346 2825 nomine

599 2858 902 2926 Numidae,
955 2852 1184 2922 'propter
1219 2860 1620 2909 multitudinem
1656 2874 1691 2911 a
1729 2863 2041 2924 parentibus
2087 2862 2343 2927 digressi,

599 2949 896 3009 possedere
931 2957 999 2997 ea
1032 2946 1177 3012 loca,
1215 2960 1355 3011 quae
1393 2960 1653 3011 proxume
1678 2947 2066 3013 Karthaginem
2088 2948 2345 3002 Numidia

702 3115 738 3154 1.
770 3110 907 3153 Genu
929 3116 980 3157 V.
1009 3116 1060 3155 G.
1090 3138 1138 3149 -
1173 3118 1213 3157 5.
1243 3130 1341 3167 quus
1366 3117 1417 3157 V.
1448 3119 1498 3158 G.
1528 3140 1574 3153 --
1622 3120 1661 3159 9.
1692 3118 1858 3159 Amen-0·
1882 3120 1930 3158 G.
1964 3140 2007 3147 —
2059 3121 2121 3159 10.
2151 3128 2340 3163 σανα-α’

601 3180 828 3233 (habeon)
853 3174 903 3223 V.
921 3205 966 3215 —
995 3183 1054 3224 17.
1082 3184 1228 3223 deinde
1251 3191 1375 3241 atque
1396 3186 1480 3225 alia
1504 3186 1553 3227 V.
1573 3209 1618 3219 —
1646 3186 1706 3227 18.
1736 3184 1933 3226 Nun-idas
1959 3188 2006 3225 V.
2039 3211 2083 3219 -
2112 3190 2171 3228 21.
2202 3184 2339 3231 Medis

597 3248 648 3288 V.
666 3250 715 3290 Θ.
737 3272 780 3281 -
806 3245 1005 3291 Ama-if·
1032 3253 1079 3293 V.
1105 3252 1293 3292 Arna-a
1310 3254 1359 3293 G.
1376 3274 1425 3282 -
1449 3253 1512 3293 w.
1530 3252 1731 3293 Numidae
1752 3257 1906 3293 aoniae
1918 3256 1966 3295 V.
1999 3277 2043 3285 ——
2070 3258 2337 3309 vapra-un·

603 3316 882 3367 cathagine-
907 3320 958 3360 Κ.
989 3322 1097 3362 coni.
1121 3333 1319 3372 prm
1344 3320 1589 3371 Carthagine
1610 3323 1837 3365 maianu-
1861 3336 1904 3374 p.
1930 3323 2015 3364 m.
2046 3324 2165 3366 Liud.
