2525 3925
844 279 1222 361 mnncnnm'
1249 307 1404 359 ext..
1892 310 1997 362 sos

257 459 428 505 totam
457 454 668 505 [taliam
705 457 962 506 caedibus
993 457 1247 519 replevit,
1286 459 1431 507 inter
1454 469 1591 520 quas
1617 468 1803 509 omnes
1826 460 1997 509 Prae-

255 546 502 595 nestinos
536 547 776 594 inermes
811 546 1026 594 concidi
1061 547 1235 610 iussit,
1274 549 1511 595 Marium
1548 548 1810 595 senatorii
1846 548 1997 595 ordi-

254 634 346 682 nis
383 635 558 681 virum
599 634 847 683 cruribus
897 634 1238 695 brachiisque
1286 634 1510 697 fractis,
1567 637 1789 683 auribus
1836 648 1998 696 prae-

255 723 428 771 sectis
475 723 532 770 et
580 722 790 771 effossis
837 722 1014 771 oculis
1064 724 1299 772 necavit.
1371 722 1429 774 G.
1465 724 1673 772 Marius
1708 722 2001 771 Praeneste

257 812 515 859 obsessus
565 822 601 859 a
642 811 901 860 Lucretio
941 810 1124 861 Ofella
1171 810 1525 861 Sullanarum
1572 813 1807 873 partium
1856 808 2041 877 viro‚5

261 908 388 947 cum
422 910 522 959 per
558 897 865 947 cuniculum
905 902 1154 960 captaret
1187 902 1443 966 evadere,
1478 904 1699 961 saeptus
1734 900 1803 949 ab
1838 910 2000 947 exer·-

259 987 371 1035 citu
409 989 634 1035 mortem
674 987 778 1036 sibi
829 988 1127 1037 conscivit:
1199 989 1253 1036 id
1302 991 1417 1051 est,
1470 990 1527 1036 in
1567 990 1687 1049 ipso
1730 986 1999 1049 cuniculo,

259 1086 382 1126 cum
417 1076 647 1125 sentiret
679 1088 740 1125 se
775 1075 1013 1125 evadere
1049 1087 1157 1126 non
1205 1088 1395 1141 posse,
1446 1088 1565 1125 cum
1600 1076 1795 1125 Pontio
1837 1073 2002 1125 'l'ele-

257 1163 380 1212 sino
433 1162 598 1225 fugae
653 1167 854 1215 comite
909 1166 1101 1214 stricto
1153 1168 1403 1227 utrinque
1450 1165 1637 1227 gladio
1686 1164 1997 1213 concurrit:

258 1262 415 1311 quem
459 1263 579 1300 cum
617 1252 942 1319 occidisset,
989 1255 1108 1315 ipse
1143 1256 1363 1305 saucius
1403 1254 1717 1317 impetravit
1748 1265 1781 1304 a
1815 1253 2078 1317 εει-ωηο

260 1342 322 1387 nt
357 1352 418 1389 se
465 1342 755 1397 occideret.

851 1507 1082 1557 Liber
1132 1507 1417 1557 Lxxxlx.

368 1616 443 1665 Μ.
501 1614 696 1664 Brutus
742 1626 776 1663 a
822 1612 916 1663 Gn.
969 1616 1187 1675 Papirio
1237 1612 1514 1677 Carbone,
1574 1614 1665 1674 qui
1714 1607 2006 1661 Oossuram

261 1702 572 1768 appulerat,
607 1684 804 1751 missus
839 1714 982 1751 nave
1019 1702 1317 1762 piscatoria
1342 1700 1683 1762 Lilybaeum,
1722 1702 1780 1747 ui.
1809 1698 2007 1759 'explo-
2027 1733 2041 1747 .

259 1794 444 1856 raret,
486 1802 556 1839 an
591 1790 667 1839 ibi
699 1791 982 1850 Pompeius
1018 1792 1194 1852 esset,
1242 1792 1300 1837 et
1337 1790 1738 1839 circumventus
1774 1800 1809 1837 a
1842 1787 2079 1840 navi-15

258 1880 360 1927 bus
402 1890 534 1939 quas
577 1879 864 1939 Pompeius
913 1880 1170 1940 miserat,
1221 1878 1279 1925 in
1324 1888 1384 1925 se
1435 1888 1690 1927 mucrone
1738 1888 1901 1925 verso
1937 1876 2006 1925 ad

259 1969 556 2016 transtrum
605 1969 765 2018 navis
799 1969 1028 2017 obnixus
1065 1968 1313 2028 corporis
1351 1966 1589 2028 pondere
1642 1968 1694 2016 ei
1746 1965 2006 2017 incubuit.

263 2053 361 2104 Cn.
397 2046 686 2116 Pompeius
717 2057 772 2105 in
809 2055 1052 2106 Siciliam
1093 2069 1210 2104 cum
1247 2057 1477 2118 imperio
1513 2069 1547 2105 a
1579 2060 1773 2106 senatu
1808 2057 2006 2106 missus

261 2137 360 2194 On.
397 2139 729 2211 Carbonem,
775 2145 864 2206 qui
902 2146 1036 2193 flens
1070 2145 1412 2194 muliebriter
1452 2148 1677 2195 mortem
1714 2146 1871 2209 tulit,
1910 2156 2007 2194 ca-

263 2238 410 2298 ptum
433 2235 650 2284 occidit.
721 2232 879 2283 Sulla
902 2233 1135 2282 dictator
1159 2235 1360 2299 factus,
1394 2237 1531 2294 quod
1568 2245 1731 2284 nemo
1768 2234 2083 2294 unquamzo

184 2325 496 2388 onsecerat,
532 2335 653 2372 cum
686 2323 925 2372 fascibus
961 2323 1162 2384 viginti
1190 2325 1445 2381 quattuor
1481 2324 1767 2381 processit.
1838 2320 2009 2382 Legi-

268 2414 366 2462 bus
401 2413 562 2462 novis
599 2413 680 2460 rei
717 2411 970 2472 publicae
1011 2414 1209 2460 statum
1249 2410 1622 2474 confirmavit,
1674 2409 2009 2458 tribunorum

265 2499 443 2562 plebis
483 2503 805 2562 potestatem
843 2499 1069 2563 minuit,
1124 2501 1179 2548 et
1217 2510 1375 2547 omne
1412 2499 1499 2546 ius
1533 2497 1714 2558 legum
1752 2496 2009 2545 ferenda-

267 2601 386 2639 rum
422 2588 637 2638 ademit.
705 2585 1024 2636 Pontificum
1059 2598 1433 2650 augurumque
1458 2585 1747 2646 collegium
1778 2582 2009 2644 amplia-

265 2678 380 2740 vit,
427 2679 486 2727 ut
523 2679 704 2726 essent
744 2676 1084 2738 quindecim3
1140 2681 1387 2724 senatum
1430 2685 1497 2724 ex
1534 2672 1774 2739 equestri
1812 2672 2084 2728 ordine25

267 2764 581 2829 supplevit3
627 2765 1052 2828 proscriptorum
1085 2761 1276 2812 liberis
1308 2764 1393 2811 ius
1441 2760 1793 2824 petendorum
1839 2759 2011 2810 liono-

367 2974 404 3013 7.
429 2975 510 3014 Vv.
538 2978 703 3012 mortem
735 2973 812 3012 siba·
849 2974 1051 3012 conscivit.
1105 2972 1156 3012 101
1191 2978 1249 3011 est
1285 2971 1437 3011 delevit
1461 2971 1707 3010 Crevieriuu.
1736 2989 1784 2999 —
1833 2971 1899 3011 2⁰.
1926 2971 2007 3010 Vv.

269 3042 376 3095 quod
397 3055 506 3080 nemo
532 3054 705 3094 nmquam
727 3041 882 3092 fecerat
907 3046 1098 3091 suspecta
1123 3041 1279 3092 Lipsio.
1322 3039 1627 3079 Freinshemius
1650 3040 1694 3078 in
1718 3038 2009 3090 Supplemeuto

268 3111 439 3150 huiusce
474 3110 568 3149 libri
603 3112 702 3162 Gap.
739 3111 788 3150 9:
843 3109 1129 3150 formidabitis
1169 3110 1261 3148 inde
1296 3112 1334 3146 ee
1366 3119 1468 3147 nova
1502 3109 1654 3156 speciae
1686 3107 1937 3156 procedentia
1968 3108 2011 3145 ἐκ

264 3178 466 3230 publicum
488 3175 586 3228 fuit,
616 3191 722 3226 eum,
749 3184 793 3217 ue
817 3179 972 3218 solitum·
997 3177 1271 3224 dictatoribus,
1301 3181 1484 3226 quatemu-
1508 3181 1547 3214 ει
1570 3177 1709 3223 viginta·
1730 3171 1866 3224 faeces
1886 3183 2013 3224 prae-

269 3247 482 3292 cedet-enm
517 3245 622 3297 quod
652 3259 762 3288 nemo
782 3249 1050 3297 praeeuntium
1073 3257 1244 3298 unquam
1269 3245 1436 3285 viderat.
1468 3265 1515 3276 —
1562 3244 1629 3284 21.
1654 3241 1823 3294 Legibus
1850 3241 2009 3281 Grono-

270 3317 392 3358 vius:
431 3312 526 3354 libri
547 3313 672 3355 rebus.
