2525 3925
492 262 501 269 “
596 280 667 341 o'a
1132 286 1191 340 c.
1225 288 1528 341 sams-1⁸1
1561 286 1796 339 cmsm

598 437 821 489 addidit.
893 432 1043 501 Quae
1078 450 1170 487 res
1204 438 1522 499 plerumque
1561 446 1786 499 magnas
1823 436 2062 491 civitatis
2117 448 2356 498 pessum

603 527 765 589 dedit,
802 529 923 575 dum
949 526 1111 575 alteri
1147 526 1352 575 alteros
1386 528 1607 574 vincere
1647 526 1842 587 quovis
1876 524 2032 574 modo
2065 528 2126 575 et
2159 527 2360 574 victos

523 660 531 667 .
601 616 848 665 acerbius
875 614 1067 664 ulcisci
1100 614 1306 663 volunt.
1357 613 1462 662 Sed
1488 613 1554 661 de
1590 613 1784 663 studiis
1817 615 2048 673 partium
2086 617 2144 663 et
2167 616 2360 663 omnis

602 702 843 753 civitatis
898 704 1137 753 moi-ibus
1194 704 1243 751 si
1295 701 1608 765 singulatim
1661 704 1756 750 aut
1805 714 1904 763 pro
1967 703 2356 765 magnitudine

560 794 787 855 5parem
824 791 1126 854 disserere,
1183 794 1390 851 tempus
1433 800 1590 851 quam
1631 800 1720 839 res
1753 790 2017 839 maturius
2052 803 2140 841 me
2183 790 2358 840 dese-

602 885 699 930 ret.
772 876 1139 943 Quamobrem
1174 881 1241 928 ad
1279 880 1555 940 inceptum
1593 876 1774 927 redeo.

706 967 791 1015 4³.
864 969 993 1016 Post
1041 966 1170 1015 Auli
1222 968 1414 1016 foedus
1466 967 1848 1029 exercitusque
1896 967 2069 1017 nostri
2123 968 2356 1017 foedam

603 1060 813 1119 mgam,
869 1054 1127 1105 Metellus
1177 1058 1231 1103 et
1280 1055 1501 1104 Silanus
1554 1053 1803 1104 consules
1857 1053 2160 1119 designati,
2217 1068 2356 1117 pro-

604 1124 816 1193 uincias
847 1146 991 1193 inter
1020 1156 1083 1193 se
1109 1146 1463 1205 partiverant,
1500 1143 1834 1205 Metelloque
1858 1142 2114 1193 Numidia
2139 1156 2358 1194 evene-

531 1235 718 1295 10rat,
772 1232 888 1282 acri
939 1234 1063 1283 viro
1110 1235 1165 1281 et
1216 1243 1537 1295 quamquam
1587 1234 1821 1281 advorso
1869 1232 2054 1294 populi
2089 1234 2354 1297 partium,

603 1324 749 1371 fama
804 1326 979 1371 tamen
1034 1320 1308 1383 aequabili
1362 1325 1416 1370 et
1466 1320 1750 1370 inviolata.
1839 1322 1894 1369 Is
1949 1322 2038 1371 ubi
2101 1324 2352 1383 primum

605 1412 981 1473 magistratum
1007 1411 1290 1473 ingressus
1313 1394 1416 1473 est,
1455 1410 1567 1459 alia
1593 1409 1779 1459 omnia
1813 1410 1916 1458 sibi
1955 1421 2072 1459 cum
2113 1410 2354 1475 conlega

604 1504 787 1560 ratus,
821 1501 890 1548 ad
930 1497 1149 1558 bellum,
1185 1498 1326 1560 quod
1361 1500 1615 1562 gesturus
1651 1500 1785 1562 erat,
1827 1499 2057 1547 animum
2096 1500 2354 1549 intendit.

605 1589 779 1652 Igitur
814 1586 1063 1637 diffidens
1100 1588 1276 1636 veteri
1313 1589 1608 1653 exercitui,
1641 1585 1843 1635 milites
1877 1589 2140 1655 scribere,
2181 1602 2355 1650 prae-

533 1672 747 1726 i5sidia
784 1678 1019 1738 undique
1058 1687 1373 1740 accersere,
1428 1688 1609 1742 arma,
1665 1674 1808 1741 tela,
1864 1687 2035 1739 equos
2069 1679 2128 1725 et
2164 1679 2354 1727 cetera

605 1768 958 1815 instrumenta
1008 1762 1239 1813 militiae
1297 1774 1525 1830 parare,
1581 1765 1648 1812 ad
1695 1764 1797 1812 lioc
1847 1768 2207 1834 commeatum
2251 1764 2352 1815 ad-

606 1854 776 1915 fatim,
814 1854 1046 1916 denique
1078 1855 1289 1916 omnia,
1328 1864 1468 1915 quae
1502 1854 1558 1900 in
1598 1852 1742 1901 bello
1778 1854 1933 1901 vario
1970 1856 2028 1901 et
2057 1852 2351 1905 multarum

605 1954 786 1993 rerum
824 1944 1007 2006 egenti
1042 1942 1164 1992 usui
1203 1954 1326 1992 esse
1361 1940 1556 1991 solent.
1614 1936 1863 1990 Ceterum
1887 1938 1956 1990 ad
1981 1952 2048 1990 ea
2085 1944 2353 2004 patranda

606 2036 826 2080 senatus
862 2033 1216 2094 auctoritate,
1266 2031 1407 2078 socii
1441 2041 1748 2093 nomenque
1791 2030 2045 2079 Latinum
2086 2035 2146 2080 et
2185 2043 2352 2096 reges

532 2118 756 2176 2oultro
793 2117 999 2168 auxilia
1031 2118 1319 2179 mittendo,
1371 2121 1645 2178 postremo
1685 2120 1858 2168 omnis
1899 2119 2098 2168 civitas
2129 2131 2352 2170 summo

608 2208 787 2256 studio
824 2206 1180 2256 adnitebatur.
1255 2207 1446 2268 itaque
1482 2217 1550 2254 ex
1587 2208 1860 2256 sententia
1895 2209 2143 2258 omuibus
2189 2210 2354 2258 rebus

608 2295 813 2356 paratis
851 2295 1270 2359 conpositisque,
1305 2295 1360 2342 in
1398 2295 1695 2344 Numidiam
1741 2294 2122 2358 proficiscitur,
2155 2304 2355 2360 magna

608 2393 703 2444 spe
740 2384 975 2443 civium,
1024 2393 1177 2444 quom
1228 2386 1448 2444 propter
1484 2385 1620 2432 artis
1665 2383 1866 2448 bonas,
1919 2387 2034 2435 tum
2075 2397 2356 2451 maxume,

610 2471 751 2533 quod
790 2470 1075 2520 advorsum
1112 2472 1338 2520 divitias
1385 2473 1650 2522 invictum
1700 2473 1934 2524 animum
1980 2475 2245 2538 gerebat,
2301 2478 2356 2524 et

532 2559 847 2612 25avaritia
882 2560 1292 2622 magistratuum
1342 2563 1470 2608 ante
1509 2559 1564 2609 id
1607 2563 1813 2621 tempus
1868 2562 1924 2610 in
1961 2563 2213 2614 Numidia
2251 2575 2356 2613 no·-

607 2651 754 2698 strae
796 2659 925 2709 opes
962 2651 1219 2698 contusae
1255 2647 1596 2710 hostiumque
1631 2653 1828 2699 auctae
1863 2652 2036 2700 erant.

714 2735 805 2788 44.
841 2737 949 2787 Sed
988 2737 1079 2786 ubi
1115 2737 1172 2784 in
1213 2736 1458 2787 Africam
1498 2739 1680 2801 venit,
1717 2740 1992 2788 exercitus
2029 2741 2081 2788 ei
2119 2739 2356 2791 traditur

707 2945 744 2980 3.
786 2947 826 2980 et
849 2939 1023 2981 omibus
1060 2941 1112 2982 V.
1146 2965 1187 2973 --
1236 2943 1277 2983 4.
1318 2941 1548 2992 εἰηςίἱὶαείηι
1585 2941 1636 2982 V.
1677 2963 1722 2974 -
1773 2941 1837 2990 (ὕ.
1877 2941 2036 2982 decorae
2069 2943 2281 2996 cortino.)
2307 2967 2354 2977 -

607 3012 648 3049 8.
677 3007 727 3058 Q.
755 3009 946 3048 Metellus
970 3013 1010 3048 et
1032 3009 1099 3049 M.
1128 3009 1293 3049 Silanus
1317 3011 1369 3050 Κ.
1403 3033 1446 3042 -
1497 3009 1559 3048 10.
1597 3009 1779 3059 partibus
1805 3009 1857 3049 V.
1884 3029 1934 3038 ·-
1985 3011 2046 3052 1⁸.
2087 3023 2178 3052 cun
2202 3015 2352 3063 coam

610 3079 829 3117 eon-nme·-
864 3078 916 3116 Ὺ.
947 3099 992 3108 -
1044 3078 1107 3118 19.
1152 3083 1312 3117 malain
1347 3078 1600 3130 (nominat.)
1637 3079 1897 3126 aneton-mee,
1937 3079 2060 3132 acio]
2098 3081 2150 3122 V.
2195 3088 2352 3122 umam

611 3147 845 3184 mcor-une«
870 3147 971 3184 socii
994 3146 1043 3185 G.
1062 3145 1113 3184 K.
1130 3167 1177 3175 —
1202 3145 1265 3186 20.
1295 3149 1450 3185 mittero
1473 3145 1524 3187 Κ.
1546 3169 1584 3179 -
1625 3147 1689 3186 98.
1715 3153 1879 3197 propter
1903 3147 2008 3188 aaa·
2030 3147 2152 3188 bonas
2177 3156 2284 3189 mu
2298 3151 2348 3191 V.

608 3217 769 3261 propia·
804 3211 925 3252 bonan
960 3216 1061 3252 min
1085 3213 1139 3253 κ.
1169 3236 1215 3246 -
1277 3213 1342 3254 27.
1384 3213 1559 3254 Μαιευ-
1581 3213 1654 3266 Sp.
1682 3213 1822 3256 Altini·
1841 3215 2090 3266 muudi·
2113 3218 2167 3259 lt.
2212 3225 2362 3260 sonim

610 3283 891 3322 auctorit-ion
916 3281 1139 3324 tantonis
1162 3283 1237 3324 nd.
1264 3283 1386 3324 nom.
1413 3295 1453 3334 p.
1481 3283 1568 3324 161.
