2525 3925
558 343 671 398 8⁰8
1094 337 1460 392 EPITOMAE
1497 341 1555 390 '1'-
1595 341 1773 392 mvn

560 488 932 539 voluntarium
965 487 1213 540 exsilium
1254 487 1536 537 Liternum
1573 486 1868 549 concessit,
1901 484 2201 546 {incertum
2237 485 2314 538 ibi

560 589 634 630 an
666 578 871 639 Romae
909 577 1235 628 defunctus:
1274 587 1398 626 nam
1433 577 1552 626 eius
1590 578 1988 626 monumen-tum
2023 576 2318 638 utrobique

560 666 685 717 fuit.
745 668 810 717 L.
845 666 1029 728 Scipio
1064 666 1356 728 Asiaticus,
1391 665 1566 715 frater
1599 664 1869 728 Africani,
1907 663 2100 713 eodem
2135 677 2314 732 Recu-

560 756 707 808 latus
760 757 984 807 crimine
1029 757 1319 806 accusatus
1367 753 1754 814 damnatusque
1806 765 1927 802 cum
1979 755 2034 802 in
2089 754 2314 805 vincula

522 843 627 898 set
662 857 939 896 carcerem
975 846 1280 905 duceretur,
1317 842 1396 891 Ti.
1428 841 1780 904 Sempronius
1815 843 2104 892 Gracchus
2133 844 2314 893 tribu-

560 947 664 986 nus
700 935 891 997 plebis,
928 937 1019 996 qui
1053 937 1217 983 antea
1238 931 1588 993 Scipionibus
1609 931 1869 990 ‚inimicus
1894 930 2096 995 fuerat,
2133 933 2312 982 inter-

566 1025 763 1088 cessit,
803 1026 858 1074 ct
894 1021 963 1072 ob
996 1023 1052 1071 id
1089 1021 1405 1072 beneficium
1441 1019 1691 1070 Africani
1725 1017 1891 1070 filiam
1925 1019 2100 1069 duxit.
2180 1019 2310 1070 Cum

567 1114 888 1174 quaestores
921 1111 981 1158 in
1016 1110 1155 1159 bona
1192 1111 1310 1158 eius
1341 1108 1558 1170 publice
1580 1107 1906 1170 possidenda
1929 1109 2308 1171 miscuissent,

562 1210 675 1248 non
708 1197 869 1247 modo
910 1197 966 1245 in
1013 1197 1081 1245 iis
1126 1195 1296 1245 ullum
1347 1199 1635 1260 vestigium
1675 1199 1938 1259 pecuniae
1978 1200 2178 1261 regiae
2217 1211 2312 1260 ap-
2477 1199 2479 1256 f

485 1286 554 1336 10
567 1287 776 1348 paruit,
820 1285 915 1335 sed
950 1296 1288 1348 nequaquam
1329 1289 1535 1336 tantum
1570 1287 1844 1336 redactum
1881 1289 2124 1346 quantae
2163 1299 2312 1336 sum-

562 1385 687 1424 mae
734 1375 857 1424 crat
912 1376 1209 1424 damnatus.
1299 1373 1570 1425 Collatum
1621 1389 1654 1426 a
1707 1376 1958 1438 cognatis
2007 1377 2068 1425 et
2120 1377 2310 1426 amicis

566 1461 1017 1516 innumerabilem
1050 1465 1334 1536 pecuniam
1358 1465 1616 1525 accipere
1639 1463 1838 1515 nol-uit:
1879 1475 2020 1526 quae
2045 1476 2310 1515 necessa-
2478 1423 2479 1510 1

566 1550 653 1601 ria
687 1551 741 1601 ei
775 1552 937 1602 erant
968 1550 1035 1602 ad
1066 1551 1291 1620 cultum,
1338 1553 1632 1616 redempta.

1178 1711 1412 1763 Liber
1461 1711 1717 1774 xxxix„

492 1811 561 1864 1³
672 1819 749 1870 M.
786 1817 1051 1870 Aemilius
1091 1819 1284 1870 consul
1317 1820 1610 1884 Liguribus
1641 1819 1886 1871 subactis
1922 1821 2069 1871 viam
2115 1836 2150 1874 a
2186 1823 2310 1874 Pia-

572 1907 755 1957 centia
812 1919 983 1971 usque
1033 1908 1330 1958 Ariminum
1386 1907 1702 1971 perductam
1751 1909 2057 1960 Flaminiae
2117 1914 2305 1964 iunxit.

568 1996 734 2047 Initia
766 1995 1019 2049 luxuriae
1066 1999 1125 2048 in
1172 2000 1358 2049 urbem
1404 2000 1712 2049 introducta
1748 2001 1816 2050 ab
1855 2002 2108 2053 exercitu
2150 2006 2310 2054 Asia-
2478 2048 2479 2065 ,

570 2085 683 2134 tico
730 2086 1061 2143 referuntur.
1142 2089 1376 2153 Ligures
1423 2090 1731 2154 quicunque
1778 2093 1918 2140 citra
1967 2094 2307 2153 Apenninum
2478 2078 2479 2117 ¹

572 2176 757 2238 erant,
798 2174 1011 2226 subacti
1046 2179 1188 2225 sunt.
1258 2178 1651 2245 Bacchanalia,
1691 2192 1904 2229 sacrum
1945 2180 2218 2231 Graecum
2255 2184 2371 2233 et⁵⁶⁸
2478 2164 2479 2167 ¹

497 2260 922 2329 Sonocturnum,
969 2264 1239 2315 scelerum
1273 2267 1508 2317 omnium
1543 2270 1924 2331 seminarium,
1961 2281 2084 2318 cum
2119 2270 2188 2321 ad
2225 2272 2308 2321 in·

564 2352 749 2415 geniis
786 2352 977 2403 turbae
1012 2356 1437 2406 coniurationem
1470 2359 1831 2420 pervenisset,
1879 2370 1916 2406 a
1951 2357 2188 2410 consule
2223 2362 2306 2408 in-

564 2443 895 2505 vestigatum
933 2445 989 2493 et
1032 2443 1322 2495 multorum
1371 2456 1550 2507 poena
1596 2446 1884 2495 sublatum*
1917 2450 2018 2495 est.
2089 2451 2141 2497 A
2177 2459 2306 2498 cen-

564 2531 779 2580 soribus
812 2531 875 2582 L.
904 2532 1131 2583 Valerio
1166 2532 1374 2583 Flacco
1411 2537 1466 2583 et
1500 2536 1572 2583 M.
1598 2535 1792 2584 Porcio
1818 2530 2041 2598 Catone,
2079 2540 2140 2585 et
2176 2535 2304 2587 belli

566 2620 624 2667 ct
657 2620 810 2679 pacis
846 2620 1053 2671 artibus
1088 2624 1338 2685 maximo,
1372 2624 1548 2672 motus
1585 2626 1670 2673 est
1703 2624 1896 2673 senatu
1929 2624 1988 2671 [ι.
2017 2619 2305 2686 Quinctius

488 2697 556 2749 2⁵
570 2705 910 2757 Flamininus
942 2710 1002 2758 Τ.
1040 2705 1281 2772 Quinctii
1324 2708 1521 2775 frater,
1569 2724 1637 2761 eo
1680 2711 1852 2777 quod,
1907 2723 2026 2761 cum
2065 2713 2306 2765 Galliam

566 2797 906 2857 provinciam
957 2799 1151 2849 consul
1194 2798 1532 2864 obtinuerat,
1585 2805 1812 2865 rogatus
1859 2802 1918 2849 in
1969 2804 2232 2854 convivio
2271 2818 2304 2854 a

564 2882 815 2947 Philippo
847 2886 1061 2955 Poeno,
1118 2900 1272 2950 quem
1304 2890 1551 2951 amabat,
1607 2892 1792 2940 scorto
1833 2889 2028 2955 nobili,
2085 2891 2300 2943 Gallum

564 2974 833 3031 quendam
868 2987 970 3026 sua
1002 2987 1165 3027 manu
1196 2979 1514 3044 occidet-au
1559 2980 1680 3029 sive
1717 2982 1774 3029 ut
1809 2980 2023 3042 quidam
2059 2982 2302 3031 tradide-

563 3061 720 3122 runt,
769 3072 929 3113 unum
964 3076 1035 3114 cx
1078 3068 1348 3117 damnatis
1393 3070 1572 3117 securi
1620 3070 1968 3129 percusserat
2007 3072 2236 3131 rogatus
2267 3082 2302 3120 a

488 3143 556 3195 8⁰
566 3150 854 3200 meretrice
898 3152 1243 3220 Placentina,
1298 3158 1452 3207 cuius
1497 3166 1679 3205 amore
1728 3156 2026 3219 deperibat.
2107 3158 2301 3209 Exstat

564 3238 623 3289 in
642 3249 786 3289 -cum
826 3242 901 3291 M.
940 3239 1163 3294 catonis
1194 3245 1389 3295 oratio.
1458 3244 1646 3307 Scipio
1683 3246 1894 3296 Literni
1935 3245 2203 3313 decessit,
2245 3250 2372 3297 οδω

564 3332 838 3399 tamquam
872 3330 1135 3393 iungente
1168 3334 1404 3396 fortuna,
1447 3332 1598 3384 cir‘ca
1629 3335 1776 3385 idem
1814 3338 2022 3399 tempus
2063 3336 2170 3386 duo
2207 3336 2366 3386 fui-⁵71
