2525 3925
672 344 963 399 BELLUM
992 346 1515 401 luann'mmlm.
1862 346 1967 399 147

212 499 337 547 sias
358 492 523 545 eundi
546 492 768 545 Romam
794 494 855 545 fit
878 496 945 546 ab
973 494 1195 547 consule
1209 510 1226 560 3
1262 497 1478 545 interea
1500 496 1750 546 induciae
1775 490 1967 559 posiu-

212 586 495 636 labantur.
533 585 613 633 Ea
631 583 822 633 Sullae
842 586 897 633 et
918 584 1193 648 plerisque
1216 584 1477 647 placuere
1486 598 1504 648 3
1541 585 1701 645 pauci
1727 584 1967 633 ferocius

212 672 541 731 decernunt,
578 670 794 721 scilicet
816 674 995 735 ignari
1026 675 1372 723 humanarum
1399 684 1598 735 rerum,
1634 683 1768 733 quae
1793 668 1968 720 fluxae

208 764 273 810 et
300 759 531 811 mobiles
566 770 782 820 semper
806 761 862 808 in
886 764 1120 810 advorsa
1147 764 1440 810 mutantur.
1496 757 1742 808 Ceterum
1770 758 1968 819 Mauri,

214 848 507 911 inpetratis
544 848 807 913 omnibus,
844 850 955 898 tres
980 850 1214 898 Romam
1250 849 1486 909 profecti
1522 860 1641 897 cum
1669 848 1770 897 Gn.
1799 843 2008 895 Octa-5

214 938 315 985 vio
350 936 603 999 Rusone,
655 936 747 998 qui
790 938 1047 998 quaestor
1094 938 1421 998 stipendium
1459 937 1515 985 in
1553 936 1795 985 Africam
1833 945 1966 995 por-

222 1024 471 1087 taverat3
510 1022 616 1072 duo
652 1024 717 1073 ad
754 1036 938 1087 regem
975 1024 1218 1073 redeunt.
1292 1022 1374 1072 Ex
1409 1020 1492 1073 his
1527 1024 1772 1073 Bocchus
1809 1032 1966 1083 quom

220 1115 440 1175 cetera,
496 1113 611 1159 tum
660 1124 917 1161 maxume
962 1112 1354 1174 benignitatem
1402 1114 1458 1161 et
1504 1112 1736 1160 studium
1777 1108 1968 1159 Sullae

214 1200 415 1249 lubens
450 1200 677 1260 accepit.
746 1200 951 1249 Romae
986 1199 1188 1263 legatis
1236 1200 1382 1264 eim,
1435 1200 1715 1260 postquam
1754 1208 1970 1247 errasse

216 1300 409 1351 regem
441 1290 499 1335 el
520 1288 815 1350 Iugurthae
850 1285 1063 1335 scelere
1098 1286 1309 1347 lapsum
1350 1287 1626 1348 deprecati
1655 1289 1798 1351 suni,
1834 1280 2048 1334 ami-10

222 1377 412 1425 citiam
454 1376 511 1424 et
546 1374 737 1423 foedus
772 1374 1079 1434 petentibus
1114 1376 1217 1423 hoc
1253 1376 1416 1424 modo
1454 1376 1842 1437 respondeturt

332 1463 615 1512 «Senatus
664 1464 721 1510 et
758 1460 989 1523 populus
1023 1462 1304 1511 Romanus
1356 1462 1584 1512 benefici
1633 1467 1689 1513 et
1739 1460 1972 1511 iniuriae

218 1562 433 1602 memor
468 1562 591 1599 esse
626 1548 785 1598 solet.
858 1546 1110 1599 Ceterum
1146 1550 1386 1613 Boccho,
1428 1552 1673 1611 quoniam
1715 1550 1971 1612 poenitet,

228 1638 421 1689 delicti
444 1638 677 1701 gratiam
701 1636 837 1687 facit
848 1651 868 1701 3
904 1638 1097 1687 foedus
1134 1641 1191 1687 et
1226 1637 1470 1687 amicitia
1496 1638 1780 1701 dabuntur,
1817 1647 1973 1697 quom

220 1730 491 1777 meruerit
512 1742 541 1773 »
1985 1724 2048 1775 15

328 1814 461 1867 105.
552 1812 687 1878 Quis
734 1816 899 1867 rebus
948 1818 1180 1881 cognitis
1229 1816 1476 1868 Bocchus
1524 1828 1624 1879 per
1671 1816 1887 1866 litteras
1941 1826 1975 1863 a

220 1904 406 1954 Mario
436 1904 662 1970 petivit,
700 1906 779 1953 uti
819 1904 1032 1954 Sullam
1070 1904 1138 1955 ad
1177 1918 1237 1955 se
1270 1906 1542 1972 mitteret,
1592 1907 1786 1968 quoius
1825 1904 1976 1954 arbi-

220 1995 373 2042 tratu
412 1991 479 2041 de
530 1994 881 2042 conmunibus
925 1995 1161 2058 negotiis
1210 1993 1607 2044 consuleretur.
1676 1995 1731 2042 Is
1780 1994 1976 2042 missus

222 2093 353 2130 cum
392 2079 665 2142 praesidio
702 2085 943 2142 equitum
978 2085 1140 2144 atque
1168 2083 1436 2147 peditum,
1475 2084 1604 2132 item
1641 2083 1976 2131 funditorum

222 2169 567 2230 Balentium3
619 2170 907 2230 praeterea
946 2171 1067 2220 iere
1110 2171 1387 2233 sagittarii
1423 2173 1478 2219 et
1513 2169 1708 2219 cohors
1745 2167 2052 2232 Peligna20

224 2269 346 2306 cnm
384 2257 709 2306 velitaribus
742 2259 933 2322 armis,
970 2259 1187 2307 itineris
1222 2259 1550 2320 properandi
1589 2269 1773 2323 causa,
1801 2267 1976 2317 neque

224 2345 313 2393 his
347 2355 509 2393 secus
534 2347 700 2405 atque
724 2344 851 2392 aliis
875 2346 1041 2395 armis
1065 2345 1358 2395 advorsum
1396 2346 1510 2394 tela
1544 2344 1793 2408 hostium,
1833 2341 1978 2405 quod

225 2443 293 2480 ea
329 2430 482 2480 levia
516 2433 673 2497 sunt,
726 2432 933 2480 muniti.
1005 2431 1115 2482 Sed
1165 2434 1219 2480 in
1271 2433 1469 2481 itinere
1511 2433 1698 2494 quinto
1743 2431 1978 2491 denique

224 2519 316 2566 die
348 2518 538 2568 Volux
584 2517 731 2567 filius
768 2519 1005 2585 Bocchi,
1051 2521 1281 2580 repente
1317 2521 1371 2567 in
1410 2521 1614 2579 campis
1664 2519 1976 2580 patentibus

230 2617 352 2656 cum
387 2605 540 2655 mille
577 2617 685 2655 non
726 2606 957 2667 amplius
994 2606 1270 2668 equitibus
1306 2617 1428 2656 sese
1468 2606 1722 2669 ostendit,
1761 2607 1853 2667 qui
1889 2607 1974 2652 te·-
1988 2602 2052 2653 25

228 2705 397 2744 mere¹
422 2695 481 2742 et
510 2691 679 2742 effuse
716 2697 911 2742 euntes
936 2693 1125 2742 Sullae
1158 2693 1395 2756 aliisque
1419 2693 1661 2742 omnibus
1697 2694 1752 2741 et
1788 2703 1980 2740 nume-

226 2793 346 2831 rum
372 2779 694 2842 ampliorem
723 2791 859 2830 vero
895 2783 951 2830 et
982 2779 1237 2830 hostilem
1262 2786 1461 2832 metum
1485 2779 1810 2831 efficiebant.
1864 2781 1982 2846 lgi-

330 2981 367 3020 ¹.
392 2977 468 3028 fic.-
506 2977 557 3017 ab
591 2979 749 3019 εοηωῖο
782 2981 935 3019 interea
960 2979 1008 3019 V.
1039 3002 1083 3012 -
1120 2980 1159 3020 4.
1187 2979 1363 3031 semper]
1397 2982 1557 3030 saepius
1581 2981 1633 3021 V.
1662 3000 1710 3011 —-
1743 2982 1779 3020 5.
1807 2980 1987 3020 omnibus

225 3046 347 3087 rebus
370 3049 424 3086 V.
453 3067 505 3078 -
537 3045 714 3097 profecte·
737 3053 829 3086 sum
859 3048 910 3086 V.
940 3045 995 3085 11.
1022 3065 1071 3076 ·-
1098 3043 1206 3097 Gom]
1235 3047 1284 3086 C.
1310 3049 1361 3089 V.
1394 3071 1437 3079 -
1473 3047 1513 3086 6.
1540 3046 1719 3098 Rusone]
1747 3049 1817 3087 Sic
1841 3049 1980 3098 legen-

228 3117 380 3155 dnm-t.
404 3111 562 3164 Rusone
584 3114 713 3156 eodd.
730 3114 938 3164 plumis.
968 3113 1078 3164 Rufo
1106 3115 1157 3154 (ὅ.
1176 3113 1228 3153 Κ.
1246 3135 1296 3144 ·-
1321 3115 1604 3168 adportaverat
1629 3117 1679 3157 G.
1697 3138 1744 3148 -
1770 3117 1809 3156 9.
1833 3117 1982 3156 Romae

228 3195 385 3235 quoqne
406 3183 457 3222 V.
488 3181 745 3234 (Romaeque
770 3181 941 3231 Turio.)
966 3202 1011 3211 —
1050 3181 1110 3221 16.
1145 3181 1297 3232 Quibus
1321 3183 1372 3222 V.
1399 3203 1447 3211 —
1481 3181 1546 3223 17.
1575 3187 1620 3222 ut
1643 3182 1694 3222 V.
1725 3206 1769 3216 -
1807 3185 1868 3223 ¹9.
1899 3196 1982 3223 om.

227 3253 325 3290 ἔθει·
354 3251 405 3289 V.
426 3251 476 3290 G.
497 3273 537 3283 -
566 3249 828 3299 funditorum,
852 3250 1117 3290 balens-imm
1140 3249 1194 3289 V.
1210 3272 1256 3281 —
1281 3250 1346 3290 to.
1376 3251 1460 3289 iere
1485 3249 1654 3292 seclusit
1677 3251 1725 3293 G.
1746 3275 1789 3284 -
1815 3251 1877 3290 n.
1909 3249 1987 3288 ‹ut-

230 3329 367 3358 urm
392 3318 439 3357 V.
