2525 3925
609 303 715 355 1oe
1148 298 1205 350 G.
1244 300 1546 350 SALUS'H
1581 294 1810 351 clusl’l

882 398 913 421 l

608 451 771 513 genio
804 447 999 514 infido,
1054 451 1163 497 tum
1203 448 1500 511 metuenti,
1552 457 1653 510 ne,
1707 446 1756 494 si
1794 455 1904 506 pax
1939 454 2058 493 cum
2091 442 2372 494 Romanis

607 536 945 599 fieret‚·ipse
984 548 1081 597 per
1116 537 1470 585 condiciones
1507 535 1572 583 ad
1607 532 1938 594 supplicium
1973 533 2314 583 traderetur.

714 626 797 674 62.
870 628 923 674 Is
937 660 955 691 ,
1005 627 1093 676 ubi
1144 626 1382 685 primum
1431 628 1797 683 opportunum
1848 621 1984 684 fuit,
2039 622 2368 683 Iugurtham

606 717 823 764 anxium
874 726 941 764 ac
991 715 1335 761 miserantem
1384 713 1634 760 fortunas
1687 720 1815 759 suas
1869 710 2120 771 accedit3
2171 714 2372 759 monet

565 807 773 864 5atque
804 801 1113 851 lacrumans
1147 801 1469 865 obtestatur,
1504 800 1584 847 uti
1611 796 1904 859 aliquando
1928 797 2034 845 sibi
2056 795 2371 859 liberisque

607 898 663 943 et
683 896 833 956 genti
857 894 1211 942 Numidarum
1249 897 1466 953 optume
1502 891 1730 939 merenti
1766 888 2070 951 provideat,
2105 888 2366 937 omnibus

606 982 829 1043 proeliis
865 994 987 1031 sese
1025 983 1234 1044 victos,
1287 992 1482 1042 agrum
1519 981 1830 1040 vastatum,
1865 976 2066 1027 multos
2101 976 2368 1026 mortalis

608 1073 814 1131 captos,
850 1071 1083 1135 οοοίεοε,
1118 1070 1275 1131 regni
1309 1082 1441 1129 opes
1465 1069 1805 1117 conminutas
1831 1078 1986 1130 esse3
2023 1067 2160 1115 satis
2183 1076 2363 1126 saepe

606 1160 711 1205 iam
744 1161 799 1205 et
834 1158 1090 1207 virtutem
1115 1157 1347 1205 miiitum
1374 1160 1430 1205 et
1455 1158 1724 1205 fortunam
1753 1156 2064 1216 temptatam
2078 1168 2096 1216 3
2133 1158 2362 1219 caveat,

532 1251 679 1300 1one
726 1244 823 1294 illo
870 1248 1159 1295 cunctante
1203 1245 1467 1294 Numidae
1516 1245 1620 1293 sibi
1667 1236 2136 1293 consulant..11is
2183 1244 2362 1303 atque

604 1332 801 1383 talibus
828 1332 956 1381 aliis
989 1332 1057 1382 ad
1095 1335 1427 1382 deditionem
1465 1335 1612 1395 regis
1649 1334 1884 1383 animum
1923 1330 2156 1394 inpellit.
2183 1372 2192 1381 .
2215 1331 2356 1379 Mit-

603 1426 788 1470 tuntur
826 1422 895 1470 ad
930 1422 1319 1482 imperatorem
1358 1422 1557 1485 iegati,
1607 1422 1699 1485 qui
1731 1420 2045 1484 Iugurtham
2081 1421 2352 1481 imperata

601 1509 869 1558 facturum
888 1510 1136 1559 dicerent
1170 1522 1237 1559 ac
1273 1512 1392 1559 sine
1431 1510 1546 1559 ulla
1578 1511 1829 1571 pactione
1865 1520 1988 1559 sese
2013 1519 2352 1572 regnumque

602 1609 760 1647 suum
796 1598 853 1646 in
890 1596 1039 1647 illius
1076 1598 1237 1647 fidem
1272 1600 1506 1649 tradere.
1555 1598 1814 1649 Metellus
1851 1609 2082 1659 propere
2121 1602 2351 1647 cunctos

529 1692 589 1742 15
605 1686 869 1736 senatorii
905 1686 1111 1736 ordinis
1148 1700 1215 1735 ex
1250 1686 1488 1736 hibernis
1521 1687 1735 1748 accersi
1765 1687 1932 1750 iubet,
1967 1698 2158 1736 eorum
2187 1688 2354 1749 atque

600 1774 862 1837 aliorum,
917 1788 1051 1838 quos
1088 1776 1316 1825 idoneos
1363 1775 1627 1841 ducebat,
1687 1774 1970 1824 consilium
2017 1774 2198 1825 habet.
2271 1777 2354 1825 lta

600 1876 756 1914 more
792 1865 1061 1914 maiorum
1088 1877 1156 1914 ex
1194 1863 1392 1913 consili
1429 1864 1650 1913 decreto
1683 1876 1784 1925 per
1814 1864 2032 1927 legatos
2057 1864 2350 1926 Iugurthae

599 1952 828 2012 imperat
861 1956 1077 2015 argenti
1111 1953 1290 2014 pondo
1329 1953 1560 2002 ducenta.
1594 1953 1762 2016 milia,
1799 1951 2120 2014 elephantos
2159 1954 2351 2017 omnis,

610 2051 871 2098 equorum
910 2037 968 2088 'et
1000 2053 1266 2090 armorum
1306 2041 1658 2101 aliquantum.
1717 2038 1871 2105 Quae
1909 2043 2200 2103 postquam
2233 2043 2352 2090 sine

526 2133 594 2184 20
611 2139 769 2175 mora
804 2128 953 2178 facta
986 2132 1144 2193 sunt,
1178 2128 1328 2176 iubet
1359 2130 1539 2178 omnis=
1574 2130 1832 2193 perfugas
1867 2131 2084 2178 vinctos
2121 2129 2350 2194 adduci;

596 2226 784 2263 eorum
823 2227 1024 2279 magna
1066 2229 1221 2281 pars,
1277 2217 1356 2265 uti
1403 2219 1605 2268 iussum
1653 2222 1802 2281 erat,
1859 2217 2112 2283 adducti,
2166 2219 2348 2288 pauci,

599 2316 755 2364 quom
809 2305 1038 2364 primum
1096 2304 1302 2354 deditio
1351 2308 1559 2372 coepit,
1619 2308 1686 2357 ad
1741 2317 1925 2369 regem
1973 2305 2248 2356 Bocchum
2293 2307 2347 2356 in

596 2393 997 2442 Mauretaniam
1020 2394 1284 2444 abierant.
1340 2396 1516 2456 Igitur
1541 2395 1820 2458 Iugurtha,
1859 2395 1948 2445 ubi
1971 2395 2144 2446 armis
2176 2396 2350 2446 viris·-

598 2485 703 2541 que
736 2485 793 2529 et
826 2484 1059 2542 pecunia
1096 2483 1367 2544 spoliatus
1405 2485 1510 2548 est,
1547 2483 1706 2544 quom
1731 2483 1852 2544 ipse
1874 2484 1942 2533 ad
1969 2483 2348 2544 imperandum

519 2571 583 2621 25
600 2569 858 2618 Tisidium
884 2556 1205 2636 vocaretur,'
1225 2583 1418 2621 rursus
1445 2571 1623 2632 coepit
1655 2572 1874 2620 flectere
1909 2571 2142 2621 animum
2181 2583 2342 2622 suum

594 2663 650 2707 et
690 2672 758 2707 ex
794 2658 943 2709 mala
977 2660 1318 2709 conscientia
1357 2660 1520 2722 digna
1569 2660 1783 2708 timere.
1854 2659 2106 2721 Denique
2157 2659 2344 2710 multis

592 2747 781 2798 diebus
820 2759 917 2809 per
952 2747 1341 2796 dubitationem
1379 2749 1734 2810 consumptis,
1773 2759 1932 2810 quom
1967 2747 2126 2797 modo
2163 2747 2342 2800 taedio

590 2847 774 2884 rerum
812 2834 1173 2884 advorsarum
1210 2836 1400 2884 omnia
1440 2835 1586 2885 bello
1623 2837 1838 2898 potiora
1875 2835 2129 2900 duceret,
2165 2837 2342 2887 inter·-

590 2920 716 2969 dum
755 2933 937 2970 secum
976 2923 1095 2984 ipse
1130 2927 1440 2984 reputaret,
1496 2935 1661 2985 quam
1697 2925 1888 2986 gravis
1924 2935 2085 2973 casus
2121 2924 2179 2973 in
2216 2937 2340 2974 ser-

687 3156 723 3194 1.
750 3167 800 3192 ne
826 3155 1003 3196 collocat
1026 3163 1121 3197 anto
1143 3160 1231 3208 ipse
1254 3159 1305 3198 V.
1333 3177 1381 3188 -·-
1431 3160 1471 3198 6.
1499 3159 1666 3198 moritu
1691 3159 1742 3198 V.
1769 3177 1820 3188 —-
1867 3161 1906 3198 8.
1935 3164 2010 3198 aue
2031 3160 2182 3198 occiso·
2207 3158 2262 3200 K.
2293 3181 2334 3194 σ-

591 3223 651 3263 11.
696 3223 874 3262 animm
910 3225 1019 3273 nqis
1072 3226 1123 3266 V.
1164 3246 1213 3256 -—
1293 3227 1352 3268 15.
1397 3228 1592 3266 accersiri
1642 3227 1692 3266 V.
1727 3226 1781 3268 R.
1826 3249 1868 3260 -—
1931 3232 1972 3266 et
2007 3227 2176 3268 aum
2213 3227 2270 3268 G.
2293 3249 2340 3262 -·

587 3292 647 3332 19.
680 3291 966 3342 aliquante-tun
991 3293 1040 3332 V.
1065 3313 1113 3324 —
1162 3296 1225 3336 81.
1255 3301 1300 3334 ue
1326 3294 1380 3334 K.
1413 3317 1455 3326 -
1509 3295 1573 3336 w.
1605 3293 1790 3336 remu·
1815 3295 1865 3335 V.
