2525 3925
885 335 1245 389 CATILINA.
1868 338 1939 391 15

187 483 512 550 egestatem.
570 479 724 547 Quae
763 496 1038 547 quousque
1081 486 1298 535 tandem
1328 484 1609 547 patiemini
1642 484 1944 536 fortissumi

187 565 342 623 viri?
398 573 593 623 Nonne
635 575 808 623 emori
847 586 950 637 per
983 575 1243 624 virtutem
1283 576 1529 636 praestat
1576 584 1732 636 quam
1770 574 1941 624 vitam

191 662 452 711 miseram
488 664 650 724 atque
683 663 1050 725 inhonestam,
1103 663 1193 713 ubi
1228 661 1443 711 alienae
1474 662 1763 723 superbiae
1798 660 1941 711 ludi·

190 751 316 801 brio
341 751 531 812 fueris,
565 762 666 811 per
701 749 935 800 dedecus
971 743 1268 800 amittere?
1309 752 1507 801 Verum
1532 752 1806 800 enimvero
1842 762 1941 813 pro

191 838 354 888 deum
385 841 548 899 atque
579 839 848 888 hominum
888 838 1044 888 fidem
1089 840 1326 888 victoria
1360 840 1417 886 in
1452 850 1612 887 manu
1648 838 1801 888 nobis
1836 842 1981 902 est,5

189 928 348 991 viget
382 918 592 989 aetas‚'
619 928 827 976 animus
863 928 1046 990 valet3
1097 929 1292 976 contra
1322 926 1436 977 illis
1470 928 1627 976 annis
1661 930 1825 989 atque
1856 926 1943 975 di-

191 1016 349 1065 vitiis
373 1016 554 1065 omnia
581 1020 994 1065 consenuerunt.
1029 1014 1412 1065 Tantummodo
1434 1018 1650 1076 incepto
1670 1027 1805 1078 opus
1830 1019 1915 1065 est
1924 1026 1943 1075 3

195 1106 389 1153 cetera
424 1116 514 1153 res
552 1105 820 1165 expediet.
855 1105 1070 1153 Etenim
1093 1106 1212 1166 quis
1241 1103 1571 1168 mortalium,
1612 1104 1739 1166 quoi
1778 1103 1943 1153 virile

193 1192 472 1255 ingenium
513 1196 628 1255 est,
684 1192 924 1241 tolerare
977 1196 1186 1257 potest,
1241 1190 1357 1241 illis
1405 1190 1627 1242 divitias
1661 1204 1941 1256 superare,

193 1292 335 1343 quas
369 1280 692 1341 profundant
734 1281 791 1329 in
828 1281 1154 1330 exstruendo
1200 1282 1339 1330 mari
1378 1284 1435 1330 et
1470 1266 1737 1343 montibus
1774 1282 2020 1334 eoae-10

197 1369 457 1435 quandia,
491 1369 648 1418 nobis
684 1380 799 1418 rem
831 1369 1156 1418 familiarem
1193 1370 1357 1418 etiam
1390 1368 1458 1418 ad
1492 1369 1810 1419 necessaria
1846 1367 1944 1418 de-

193 1449 361 1507 esse?
415 1456 544 1507 illos
580 1458 735 1507 binas
771 1460 864 1506 aut
898 1456 1128 1519 amplius
1163 1458 1350 1508 domos
1394 1458 1737 1518 continuare,
1788 1458 1944 1507 nobis

196 1544 372 1595 larem
409 1544 736 1595 familiarem
773 1556 1035 1608 nusquam
1077 1545 1243 1595 ullum
1283 1538 1447 1595 esse?
1503 1542 1674 1608 Quom
1714 1546 1945 1612 tabulam,

195 1634 387 1697 signa,
425 1638 728 1685 toreumata
763 1638 975 1701 emunt,
1009 1646 1156 1684 nova
1193 1635 1445 1696 diruunt,
1492 1632 1603 1683 alia
1640 1632 1947 1697 aedificant,

201 1726 475 1785 postremo
533 1724 780 1773 omnibus
846 1722 1020 1772 modis
1084 1724 1364 1783 pecuniam
1432 1724 1653 1771 trahunt
1722 1726 2021 1787 vexant,15

200 1814 381 1860 tamen
418 1822 625 1860 summa
657 1810 900 1859 lubidine
933 1812 1153 1860 divilias
1180 1812 1371 1871 [suas]
1400 1810 1621 1858 vincere
1656 1814 1945 1871 nequeunt.

195 1902 274 1949 At
307 1900 460 1949 nobis
496 1902 582 1949 est
619 1899 764 1947 domi
796 1900 1008 1965 inopia,
1051 1898 1187 1947 foris
1223 1910 1318 1947 aes
1346 1896 1619 1959 «alienum,
1660 1896 1803 1947 mala
1838 1908 1945 1962 τος,

196 2000 322 2050 spes
345 1988 515 2038 multo
540 1989 788 2050 asperior
799 2001 816 2051 3
855 1989 1084 2048 denique
1119 1988 1242 2049 quid
1280 1986 1476 2048 reliqui
1506 1987 1759 2036 habemus
1783 1997 1947 2047 prae-

198 2081 286 2126 ter
320 2077 571 2126 miseram
607 2068 882 2126 animam?
943 2073 1086 2138 Quin
1123 2077 1293 2139 igitur
1328 2067 1810 2138 expergiscimini?
1862 2075 1947 2124 En

193 2164 324 2232 illa,
359 2165 490 2228 illa,
526 2177 680 2227 quam
715 2177 880 2226 saepe
913 2166 1170 2228 optastis,
1219 2163 1484 2228 libertas,
1536 2166 1820 2224 praeterea
1855 2163 1940 2212 di·-
1954 2175 2021 2228 20

193 2255 384 2320 vitiae,
419 2255 604 2320 decus,
637 2253 818 2316 gloria
853 2255 908 2302 in
933 2253 1113 2303 oculis
1151 2253 1259 2302 sita
1294 2255 1436 2302 sunt.
1499 2251 1742 2301 Fortuna
1766 2253 1946 2302 omnia

196 2355 268 2392 ea
301 2343 606 2392 victoribus
642 2343 882 2403 praemia
921 2343 1121 2404 posuit.
1191 2342 1338 2403 Res,
1394 2343 1628 2406 tempus,
1682 2339 1944 2402 pericula,

195 2433 446 2492 egestas,
499 2429 630 2486 belli
678 2429 856 2491 spolia
889 2429 1177 2493 magnifica
1211 2431 1385 2492 magis
1420 2441 1577 2490 quam
1614 2429 1789 2477 oratio
1826 2439 1947 2477 mea

197 2527 304 2564 vos
337 2515 634 2565 hortentur.
703 2514 812 2566 Vel
856 2519 1183 2579 imperatore
1232 2516 1322 2564 vel
1364 2517 1535 2565 milite
1580 2529 1663 2565 me
1700 2517 1911 2564 utimini
1925 2531 1944 2578 3

198 2613 378 2665 neque
404 2603 613 2652 animus
637 2615 810 2664 neque
835 2617 1028 2666 corpus
1055 2618 1088 2654 a
1111 2606 1269 2654 vobis
1290 2605 1480 2654 aberit.
1534 2604 1685 2652 Haeo
1706 2605 1845 2668 ipsa,
1883 2607 1940 2654 ut
1954 2619 2018 2669 25

195 2704 384 2760 spero,
418 2693 702 2742 vobiscum
739 2703 846 2740 una
881 2693 1072 2742 consul
1105 2706 1281 2757 agam,
1316 2693 1423 2742 nisi
1460 2693 1603 2740 forte
1628 2703 1711 2740 me
1736 2692 1945 2740 animus

195 2781 368 2845 fallit,
403 2783 460 2830 et
493 2791 596 2830 vos
631 2782 845 2830 servire
875 2782 1050 2841 magis
1085 2793 1237 2843 quam
1277 2783 1547 2842 imperare
1581 2780 1758 2842 parati
1795 2715 2125 2846 estis!

307 2867 392 2918 21.
447 2869 732 2932 Postquam
781 2879 1045 2930 accepere
1097 2881 1164 2918 ea
1217 2869 1491 2932 homines,
1558 2869 1751 2931 quibus
1802 2867 1949 2918 mala

201 2959 411 3009 abunde
460 2959 638 3008 omnia
673 2962 860 3022 erant,
915 2960 1012 3008 sed
1058 2969 1231 3020 neque
1278 2970 1368 3006 res
1419 2969 1592 3019 neque
1638 2968 1767 3020 spes
1808 2956 1947 3007 bona

298 3123 337 3164 7.
366 3135 598 3162 consenuere
623 3124 672 3163 V.
705 3146 749 3155 -—
799 3124 839 3163 9.
865 3125 1078 3172 inanium,
1105 3123 1277 3161 tolerare
1300 3124 1350 3164 G.
1380 3123 1575 3170 §ngenium
1600 3123 1702 3160 inest
1716 3148 1729 3169 ‚
1757 3127 1786 3161 t.
1816 3121 1868 3160 K.
1902 3145 1946 3155 -·-

201 3195 265 3234 12.
306 3195 536 3231 continuare
570 3191 702 3230 donoc
741 3193 790 3230 V.
822 3215 866 3223 -
917 3193 980 3232 16.
1018 3203 1098 3231 om.
1136 3203 1232 3229 suas
1269 3191 1320 3230 V.
1356 3189 1409 3230 K.
1438 3210 1489 3220 —
1540 3191 1600 3228 82.
1640 3201 1721 3229 om.
1750 3201 1799 3226 ea
1824 3189 1871 3228 V.
1902 3211 1947 3220 —-

199 3262 261 3300 24.
299 3260 508 3298 hortantur
533 3260 584 3300 (ἰ.
615 3283 660 3292 -
695 3262 858 3300 nemini
884 3262 934 3301 G.
963 3279 1014 3290 -
1061 3260 1122 3298 26.
1151 3261 1304 3298 animm
1328 3257 1439 3309 fallit
1462 3269 1522 3298 me
1549 3258 1601 3298 V.
1624 3277 1673 3288 —
1724 3257 1788 3298 29.
1816 3259 1947 3296 amata

203 3329 353 3368 abunde
378 3330 428 3369 V.
458 3349 506 3357 —
546 3339 626 3366 om.
654 3327 728 3366 sed
753 3329 802 3368 V.
