2525 3925
829 380 1195 435 LIBRORUM
1229 382 1385 435 CXL.
1869 390 1970 443 291

233 524 428 571 flumen
463 523 704 573 Athesim
747 527 1028 577 castelium
1077 531 1277 580 editum
1320 534 1597 588 insederat
1641 538 1969 601 reliquerat—

234 624 363 672 que,
414 624 534 661 cum
583 614 786 663 virtute
831 629 928 665 sua
974 616 1216 680 expliciti
1254 621 1551 685 fugientem
1586 628 1969 689 proconsulem

229 702 644 762 exercitumque
683 706 961 753 consecuti
999 707 1054 754 in
1090 706 1303 757 Italiam
1345 712 1721 783 traiecissem,
1769 713 1971 771 iunctis

141 782 475 837 6⁵³eiusdem
528 788 714 838 Catuli
767 794 822 839 et
869 788 926 841 C.
977 794 1140 843 Marii
1189 801 1519 849 exercitibus
1570 805 1782 866 proelio
1831 807 1969 857 victi

226 877 354 924 sunt
394 877 462 925 ab
511 880 623 944 eis,
677 880 732 927 in
779 891 886 941 quo
938 894 1100 931 caesa
1146 886 1431 937 traduntur
1474 889 1704 942 hostium
1743 897 2005 952 centum5

229 963 589 1029 quadraginta
625 968 802 1034 milia,
855 974 1014 1033 capta
1054 976 1355 1038 sexaginta.
1426 981 1634 1029 Marius
1680 984 1849 1036 totius
1886 987 1968 1035 ci-

226 1054 416 1103 vitatis
467 1068 734 1106 consensu
779 1068 1066 1123 exceptus,
1123 1076 1222 1124 pro
1270 1066 1473 1115 duobus
1518 1072 1826 1138 triumphis,
1877 1076 1967 1135 qui

226 1139 626 1210 offerebantur,
687 1158 791 1195 uno
847 1152 1132 1198 contentus
1180 1150 1301 1201 fuit.
1378 1154 1649 1209 Primores
1701 1160 1961 1225 civitatis,

227 1231 318 1291 qui
353 1228 682 1293 aliquamdiu
720 1239 778 1285 ut
808 1247 954 1285 novo
985 1236 1187 1290 homini
1213 1242 1283 1291 ad
1310 1247 1489 1295 tantos
1512 1248 1745 1299 bonores
1770 1253 1965 1301 evecto

224 1320 564 1385 inviderant,
621 1330 998 1377 conservatam
1034 1329 1102 1379 ab
1137 1342 1205 1379 eo
1241 1342 1354 1381 rem
1394 1335 1661 1396 publicam
1706 1337 1959 1389 fateban-
1975 1342 2041 1395 10

225 1408 330 1455 tur.
403 1409 680 1460 Publicius
715 1411 1008 1464 Malleolus
1056 1421 1229 1469 matre
1272 1423 1457 1472 occisa
1505 1427 1707 1485 primus
1749 1428 1963 1477 insutus

225 1492 384 1543 culeo
418 1498 475 1545 in
526 1510 674 1547 mare
723 1505 1111 1564 praecipitatus
1151 1510 1251 1555 est.
1322 1511 1543 1561 Ancilia
1577 1526 1697 1563 cum
1732 1518 1963 1577 strepitu

221 1588 372 1635 mota
407 1597 547 1651 esse,
581 1591 866 1650 antequam
887 1590 1215 1643 Cimbricum
1253 1596 1455 1646 bellum
1482 1606 1961 1668 consummaretur,

119 1700 132 1707 ·
217 1674 548 1726 referuntur.
619 1676 772 1729 Bella
823 1684 1108 1742 praeterea
1159 1683 1307 1734 inter
1342 1686 1541 1747 Syriae
1586 1698 1751 1753 reges
1800 1692 1960 1753 gesta

217 1760 472 1811 continet.
1972 1782 2035 1833 15

852 1919 1085 1972 Liber
1135 1922 1323 1974 LXIX.

129 2045 210 2085 654
320 2036 386 2086 L.
421 2035 722 2098 Appuleius
759 2038 1082 2090 Saturninus
1119 2041 1415 2092 adiuvante
1450 2039 1512 2092 C.
1536 2045 1729 2111 Mario,
1770 2047 1829 2096 et
1862 2056 1960 2108 per

217 2123 424 2173 milites
473 2125 660 2174 occiso
709 2125 775 2174 A.
817 2127 997 2176 Nonio
1043 2131 1435 2198 competitore,
1490 2133 1735 2182 tribunus
1782 2133 1959 2195 plebis

215 2224 318 2272 per
341 2214 454 2261 vim
491 2214 740 2278 creatus,
775 2227 884 2264 non
920 2217 1094 2265 minus
1127 2217 1405 2268 violenter
1438 2222 1764 2271 tribunatum
1802 2233 1959 2284 quam

215 2301 452 2361 petierat
485 2301 655 2364 gessit
671 2315 691 2365 3
742 2307 797 2352 et
835 2317 954 2354 cum
989 2305 1166 2366 legem
1199 2309 1473 2366 agrariam
1508 2321 1608 2369 per
1641 2312 1755 2357 vim
1792 2309 1952 2358 tulis-
1964 2311 2031 2362 20

217 2389 334 2454 set,
365 2387 596 2438 Metello
624 2391 940 2455 Numidico,
983 2403 1048 2440 eo
1089 2393 1227 2453 quod
1263 2393 1319 2440 in
1356 2406 1475 2442 eam
1512 2406 1623 2444 non
1657 2395 1957 2458 iuraverat,

216 2475 362 2524 diem
399 2475 535 2526 dixit
553 2490 573 2540 3
625 2479 716 2540 qui
750 2489 870 2527 cum
903 2490 938 2526 a
983 2469 1137 2528 bonis
1173 2479 1385 2528 civibus
1422 2480 1833 2543 defenderetur,
1887 2493 1959 2531 ne

219 2577 389 2616 eausa
425 2565 776 2614 certaminum
816 2569 977 2628 esset,
1025 2569 1084 2614 in
1119 2565 1370 2616 exsilium
1408 2568 1773 2618 voluntarium
1809 2569 1958 2618 Rho-

218 2654 342 2702 dum
378 2653 654 2714 profectus
691 2657 804 2718 est,
853 2655 1038 2716 ibique
1070 2653 1307 2717 legendo
1347 2659 1404 2705 et
1436 2655 1714 2705 audiendis
1748 2659 1961 2720 magnis

215 2742 356 2791 viris
389 2744 742 2793 avocabatur.
811 2742 1064 2792 Profecto
1089 2739 1146 2791 G.
1173 2743 1399 2807 Marius,
1432 2744 1717 2794 seditionis
1746 2747 1955 2809 auctor,
1968 2747 2033 2798 25

216 2832 310 2893 qui
343 2832 557 2880 sextum
593 2830 934 2880 consulatum
969 2843 1066 2892 per
1105 2832 1275 2880 tribus
1312 2844 1505 2894 sparsa
1542 2819 1775 2894 pecunia
1812 2845 1961 2882 eme-

219 2921 342 2983 rat,
391 2929 538 2979 aqua
571 2922 629 2968 et
660 2919 777 2982 igni
810 2919 1107 2968 interdixit.
1177 2919 1331 2967 Idem
1368 2919 1667 2981 Appuleius
1706 2923 1961 2970 Saturni-

212 3016 324 3054 nus
355 3006 598 3055 tribunus
643 3004 822 3066 plebis
855 3005 913 3056 C.
945 3006 1257 3055 Memmium
1308 3008 1647 3058 candidatum
1701 3007 1959 3059 consula-

216 3098 324 3160 tus,
366 3106 526 3156 quem
560 3096 790 3144 maxime
813 3095 1185 3144 adversarium
1221 3095 1526 3144 actionibus
1561 3096 1675 3144 suis
1712 3097 1955 3160 timebat,

213 3181 434 3231 occidit.
505 3176 712 3242 Quibus
759 3183 921 3232 rebus
956 3181 1229 3231 concitato
1265 3185 1490 3247 senatu,
1536 3184 1594 3231 in
1630 3183 1785 3234 cuius
1818 3196 1951 3234 cau·
1964 3185 2032 3236 80

213 3280 335 3319 snm
373 3272 430 3319 et
459 3266 517 3317 C.
540 3269 768 3336 Marius,
805 3271 960 3319 bomo
993 3271 1136 3318 varii
1173 3272 1229 3319 et
1265 3267 1545 3321 mutabilis
1580 3271 1783 3334 ingenii
1824 3282 1959 3322 con-

211 3355 437 3420 siliique
489 3365 701 3418 semper
751 3359 1048 3408 secundum
1097 3356 1403 3424 fortunam,
1461 3359 1780 3417 transierat,
1839 3368 1957 3405 cnm
