2525 3925
463 348 568 400 896
999 344 1369 399 Epiruma
1408 346 1471 397 Τ.
1504 346 1689 398 mvn

466 508 559 546 sar
605 494 920 545 necessario
976 493 1242 545 adversus
1290 504 1413 543 eum
1461 491 1611 545 bello
1660 492 1915 555 suscepto
1930 526 1948 556 ,
2003 493 2203 543 duobus

465 583 755 635 navalibus
809 582 1038 647 proeliis
1089 582 1251 634 dubio
1304 587 1506 633 eventu
1552 582 1833 647 pugnavit.
1914 583 1976 631 Ρ.
2012 581 2203 632 Venti-

467 674 588 723 dius
623 672 842 738 legatus
875 672 950 721 Μ.
986 672 1211 721 Antonii
1246 671 1479 723 Parthos
1510 674 1569 722 in
1601 672 1771 733 Syria
1803 670 2017 733 proelio
2055 670 2205 735 vicit,

466 773 762 825 regemque
821 772 1008 811 eorum
1062 759 1331 810 Pacorum
1382 759 1600 811 occidit.
1683 759 1872 809 Iudaei
1918 770 2125 821 quoque
2172 770 2206 808 a

427 844 672 915 5legatis
723 850 946 900 Antonii
1000 850 1215 927 subacti
1268 852 1411 899 sunt.
1496 848 1794 899 Praeterea
1852 846 1986 899 belli
2036 845 2207 897 Siculi

469 942 790 1003 apparatum
833 940 1090 989 continet.

1082 1105 1216 1154 Lib
1237 1116 1315 1154 er
1370 1102 1600 1155 CXXIX.

537 1260 542 1264 .
587 1211 866 1262 Adversus
919 1214 1045 1262 Sex.
1096 1198 1406 1274 Pompeium
1462 1212 1618 1262 vario
1672 1213 1877 1261 eventu
1927 1210 2211 1261 navalibus

471 1300 698 1363 proeliis
732 1304 1028 1364 pugnatum
1067 1303 1170 1363 est,
1215 1301 1297 1351 ita
1332 1302 1393 1349 ut
1428 1312 1499 1349 ex
1533 1300 1739 1350 duabus
1776 1296 2031 1349 Caesaris
2066 1298 2209 1349 clas-

388 1389 624 1441 -10sibus
671 1388 873 1453 altera,
926 1389 1016 1437 cui
1061 1389 1307 1451 Agrippa
1353 1391 1635 1452 praeerat,
1686 1388 1967 1452 vinceret,
2022 1386 2213 1451 altera,

471 1490 632 1541 quam
668 1474 874 1527 Caesar
911 1476 1157 1543 duxerat,
1193 1476 1379 1527 deleta
1410 1478 1645 1538 expositi
1681 1479 1738 1526 in
1775 1480 1978 1526 terram
2014 1476 2211 1525 milites

469 1568 530 1617 in
563 1577 762 1631 magno
805 1566 1056 1629 periculo
1103 1566 1303 1615 essent.
1373 1567 1567 1616 Victus
1605 1565 1799 1615 deinde
1833 1565 2123 1628 Pompeius
2156 1566 2287 1613 inus

471 1656 720 1706 Siciliam
754 1656 1017 1719 profugit.
1086 1656 1162 1703 M.
1198 1655 1453 1716 Lepidus,
1492 1656 1586 1717 qui
1622 1666 1691 1704 ex
1726 1654 1921 1704 Africa
1955 1653 2113 1703 velut
2146 1653 2211 1703 ad

471 1746 792 1796 societatem
843 1744 999 1794 belli.
1021 1748 1214 1794 contra
1250 1746 1378 1793 Sex.
1413 1743 1720 1805 Pompeium
1763 1756 1797 1792 a
1832 1739 2073 1792 Caesare
2113 1753 2211 1805 ge-

397 1832 460 1885 15
473 1836 630 1883 rendi
675 1834 1000 1898 traiecerat,
1047 1845 1167 1883 cum
1204 1831 1406 1883 bellum
1442 1828 1666 1882 Caesari
1709 1843 1925 1895 quoque
1970 1832 2211 1891 inferret,

471 1922 700 1974 relictus
735 1923 804 1974 ab
851 1924 1125 1988 exercitu,
1170 1923 1436 1986 abrogato
1474 1921 1851 1971 triumviratus
1886 1918 2095 1970 honore
2128 1919 2213 1968 vi-

473 2015 586 2062 tam
620 2013 948 2073 impetravit.
1019 2014 1095 2062 Μ.
1137 2013 1385 2075 Agrippa
1432 2011 1621 2061 navali
1669 2021 1873 2060 corona
1908 2021 1943 2058 a
1981 2006 2214 2059 Caesare

477 2099 708 2150 donatus
745 2105 864 2162 est3
913 2101 1005 2162 qui
1039 2101 1216 2150 honos
1251 2099 1393 2148 nulli
1429 2103 1559 2149 ante
1600 2111 1723 2149 eum
1760 2099 1979 2150 habitus
2012 2099 2148 2148 erat.

1099 2278 1335 2329 Liber
1383 2276 1593 2330 CXXX.

399 2406 466 2458 20
579 2402 654 2450 M.
689 2400 958 2448 Antonius
1007 2397 1130 2448 dum
1179 2411 1298 2448 cum
1339 2393 1637 2460 Cleopatra
1675 2396 2013 2463 luxuriatur,
2069 2397 2213 2446 tarde

474 2489 710 2540 Mediam
744 2489 1026 2552 ingressus
1063 2486 1262 2537 bellum
1316 2501 1439 2537 cum
1475 2487 1782 2550 legionibus
1824 2485 2131 2536 octodecim
2164 2488 2214 2534 et

417 2589 432 2602 ·
475 2577 750 2627 sexdecim
785 2576 1003 2626 milibus
1039 2578 1279 2638 equitum
1315 2575 1531 2626 Parthis
1568 2574 1787 2638 intulit3
1834 2577 1890 2622 et
1920 2587 2046 2648 scum
2086 2572 2213 2623 dua-

476 2666 576 2716 bus
613 2665 922 2730 legionibus
961 2666 1211 2727 amissis,
1250 2662 1404 2713 nulla
1441 2674 1501 2712 re
1537 2673 1797 2725 prospere
1836 2664 2095 2729 cedente,
2134 2673 2217 2711 re-

491 2756 578 2805 tro
613 2754 837 2816 rediret,
883 2754 1147 2808 insecutis
1183 2753 1411 2802 subinde
1446 2751 1679 2817 Parthis,
1714 2754 1770 2800 et
1803 2751 2013 2813 ingenti
2054 2750 2219 2812 trepi-

448 2842 700 2900 5datione
731 2843 787 2890 et
813 2853 1010 2905 magno
1047 2835 1215 2890 totius
1251 2842 1528 2890 exercitus
1563 2838 1808 2902 periculo
1831 2839 1887 2886 in
1912 2838 2216 2888 Armeniam

479 2939 737 2979 reversus
771 2932 874 2992 est,
930 2930 1128 2994 viginti
1163 2932 1220 2979 et
1255 2940 1365 2978 uno
1400 2928 1589 2979 diebus
1626 2929 1871 2978 trecenta
1904 2924 2059 2976 milia
2091 2927 2219 2990 fuga

477 3026 742 3068 emensus.
800 3015 965 3070 Circa
1000 3021 1128 3070 octo
1163 3017 1319 3068 milia
1349 3017 1623 3070 hominum
1652 3011 2062 3078 tempestatibus
2085 3015 2218 3065 ami-

480 3105 568 3154 sit.
639 3104 1018 3168 'remeantes
1051 3118 1269 3171 quoque
1318 3105 1549 3157 infestas
1582 3116 1750 3169 super
1778 3106 1889 3155 tam
1920 3101 2218 3154 infeliciter

579 3337 618 3376 ¹.
645 3333 843 3374 Pam
877 3332 1068 3381 supplevi
1093 3344 1186 3382 ego,
1223 3339 1263 3373 et
1288 3332 1410 3373 facilc
1433 3337 1530 3383 post
1554 3345 1595 3374 v.
1626 3345 1757 3373 corun
1782 3333 1970 3374 excidero
1995 3337 2168 3384 ponne.
