2525 3925
656 343 943 399 mmmm
979 342 1492 397 meunmmum.
1842 346 1945 397 117

188 490 495 551 plerosque
528 490 648 552 ipse
680 496 993 553 necaverat,
1030 493 1201 543 ceteri
1222 492 1525 558 formidine,
1563 504 1692 555 pars
1729 494 1797 544 ad
1828 493 1944 545 Ro-

190 590 421 641 manos,
458 579 557 627 alii
591 578 659 629 ad
694 590 881 643 regem
917 582 1186 631 Bocchum
1224 582 1608 646 profugerant,
1655 594 1812 644 quom
1845 594 1945 633 ne·-

190 678 303 728 que
342 666 541 717 bellum
592 670 715 731 geri
760 668 881 717 sine
926 670 1259 720 administris
1309 674 1522 734 posset,
1576 674 1632 721 et
1683 682 1944 721 novorum

190 756 360 805 fidem
406 757 466 805 in
514 758 669 806 tanta
715 755 943 819 pertidia
986 761 1233 809 veterum
1285 760 1526 820 experiri
1579 758 1944 822 periculosum

190 845 455 905 duceret,
507 846 696 895 varius
745 847 1093 908 incertusque
1139 848 1400 911 agitabat.
1469 849 1654 911 Neque
1708 846 1795 897 illi
1849 848 1984 899 ress

194 944 378 994 neque
416 930 703 983 eonsilium
738 937 835 985 aut
875 934 1153 997 quisquam
1188 935 1459 987 hominum
1493 938 1632 987 satis
1663 935 1914 999 placebat
1924 950 1944 998 ς

196 1022 405 1071 itinera
438 1023 857 1084 praefectosque
890 1023 947 1073 in
986 1024 1101 1073 dies
1148 1027 1390 1091 mutare,
1444 1026 1604 1077 modo
1647 1027 1944 1076 advorsum

196 1110 407 1176 hostis,
448 1109 717 1161 interdum
751 1113 808 1160 in
846 1110 1169 1163 solitudines
1205 1124 1470 1178 pergere,
1523 1124 1690 1176 saepe
1721 1117 1782 1165 in
1810 1116 1946 1179 fuga

191 1212 265 1249 ac
301 1202 429 1260 post
460 1198 648 1261 paullo
680 1200 739 1249 in
772 1202 937 1251 armis
970 1212 1123 1263 spem
1154 1197 1388 1265 habere,
1438 1203 1684 1254 dubitare
1701 1240 1717 1266 ‚
1751 1204 1946 1253 virtuti

190 1298 267 1337 an
300 1282 429 1337 fidei
464 1286 813 1349 popularium
848 1288 1029 1341 minus
1064 1292 1348 1354 crederet3
1385 1292 1467 1343 ita
1501 1302 1819 1355 quocunque
1850 1295 1940 1342 in-
1955 1296 2022 1354 10

194 1378 449 1428 tenderat
466 1412 483 1444 ,
542 1388 633 1427 res
683 1378 957 1431 advorsae
1012 1384 1187 1430 erant.
1257 1381 1370 1431 Sed
1418 1380 1566 1432 inter
1615 1392 1711 1433 eas
1761 1394 1946 1431 moras

194 1470 429 1527 repente
465 1476 590 1515 sese
624 1466 887 1517 Metellus
922 1478 1043 1517 cum
1080 1470 1328 1519 exercitu
1369 1470 1622 1521 ostendit.
1679 1471 1944 1521 Numidae

194 1556 265 1603 ab
292 1555 555 1617 Iugurtha
586 1567 687 1616 pru
712 1557 955 1617 tempore
986 1559 1165 1618 parati
1198 1559 1592 1622 instructique3
1630 1559 1754 1608 dein
1779 1568 1944 1621 proe-

194 1642 337 1691 lium
384 1644 653 1705 incipitur.
724 1639 849 1707 Qua
894 1645 951 1695 in
1006 1650 1162 1707 parte
1200 1658 1304 1697 rex
1351 1658 1566 1711 pugnae
1611 1648 1815 1708 adfuit,
1867 1648 1944 1696 ibi

190 1730 529 1793 aliquamdiu
578 1735 875 1798 certatum,
926 1736 1101 1783 ceteri
1146 1736 1266 1783 eius
1307 1747 1493 1785 omues
1527 1735 1732 1785 milites
1764 1735 1937 1796 primo
1954 1724 2029 1791 15'

194 1831 499 1884 congressu
535 1818 681 1881 pulsi
712 1820 1009 1884 fugatique.
1080 1822 1310 1873 Romani
1353 1826 1632 1887 signorum
1667 1828 1726 1873 et
1761 1834 1942 1873 armo-

190 1922 313 1959 rum
350 1908 631 1972 aliquanto
665 1919 923 1975 numero,
972 1911 1205 1964 hostium
1242 1923 1534 1974 paucorum
1580 1911 1764 1974 potiti3
1819 1921 1942 1962 nam

191 2002 369 2048 fer-e
400 1999 661 2052 Numidas
695 1999 754 2050 in
798 2000 1041 2052 omnibus
1080 2001 1306 2064 proeliis
1353 2003 1526 2066 magis
1570 2002 1736 2064 pedes
1785 2010 1942 2064 quam

188 2100 348 2138 arma
382 2089 501 2138 tuta
532 2091 677 2142 sunt.

298 2176 392 2225 75.
462 2175 545 2226 Ea
594 2177 729 2240 iuga
775 2177 1037 2241 Iugurtha
1080 2181 1362 2243 inpensius
1412 2180 1572 2232 modo
1619 2181 1782 2232 rebus
1823 2179 1938 2231 suis
1951 2183 2022 2238 20

192 2264 451 2316 diffidens
486 2277 607 2316 cuni
643 2267 890 2330 perfugis
922 2271 981 2318 et
1015 2271 1169 2329 parte
1202 2271 1478 2332 equitatus
1511 2272 1572 2320 in
1599 2269 1942 2332 solitudines,

192 2355 325 2408 dein
362 2353 592 2406 Thalam
628 2356 898 2421 pervenit,
934 2357 993 2406 in
1026 2356 1280 2421 oppidum
1313 2371 1568 2423 magnum
1603 2362 1767 2421 atque
1802 2369 1944 2418 opu-

117 2486 125 2494 .
192 2443 433 2510 lentum,
482 2445 575 2495 ubi
618 2442 869 2507 plerique
916 2447 1160 2496 thesauri
1192 2445 1538 2510 filiorumque
1571 2449 1694 2498 eius
1740 2444 1942 2496 multus

198 2533 468 2594 pueritiae
504 2529 685 2582 cultus
720 2536 858 2582 erat.
910 2528 1064 2596 Quae
1097 2538 1380 2598 postquam
1413 2533 1645 2585 Metello
1680 2537 1944 2596 conperta

190 2627 347 2686 sunt,
400 2631 717 2684 quamquam
758 2621 907 2674 inter
934 2621 1159 2674 Thalam
1195 2624 1496 2685 flumenque
1529 2633 1844 2684 proxumum
1877 2623 1936 2671 in
1949 2624 2016 2680 25

188 2712 373 2774 spatio
396 2709 604 2760 milium
628 2711 1045 2777 quinquaginta,
1076 2710 1203 2762 loca
1234 2711 1392 2762 arida
1425 2715 1592 2774 atque
1623 2713 1784 2760 vasta
1815 2721 1942 2760 esse

190 2801 567 2866 cognoverat,
618 2803 797 2850 tamen
846 2811 947 2862 spe
996 2800 1253 2861 patrandi
1299 2799 1462 2868 belli,
1517 2801 1566 2851 si
1605 2799 1724 2850 eius
1757 2796 1940 2862 oppidi

288 3007 329 3045 5.
358 3003 583 3053 necabam
606 3005 655 3046 V.
682 3025 733 3034 —·
779 3007 820 3047 9.
856 3017 966 3056 spem
989 3007 1033 3045 a‘n
1060 3010 1183 3047 ms
1206 3008 1256 3048 V.
1283 3027 1335 3037 —
1383 3009 1448 3048 1⁰.
1481 3006 1566 3058 fids
1587 3008 1640 3047 Κ.
1673 3031 1716 3040 -
1766 3011 1828 3048 ita
1853 3017 1935 3051 om.

188 3073 403 3115 Goeiachii
440 3072 665 3127 typotheta.
694 3096 742 3106 —
794 3073 875 3116 ¹³st
897 3077 1157 3128 instantique
1194 3082 1310 3124 sune,
1349 3076 1494 3116 deinde
1530 3077 1580 3116 V.
1610 3099 1656 3108 —
1709 3077 1768 3118 15.
1807 3090 1937 3116 omes

187 3147 277 3182 eins
305 3143 356 3183 G.
386 3153 467 3182 om.
498 3153 627 3180 onnes
653 3141 704 3181 K.
731 3165 780 3173 —
831 3143 892 3184 17.
922 3148 960 3183 ee
984 3143 1187 3195 aliquanto
1211 3157 1372 3184 numa-o
1395 3143 1563 3185 hostium
1583 3157 1800 3194 paucorum
1825 3147 1872 3185 V.
1891 3167 1938 3176 —-

190 3214 255 3252 ¹8.
298 3210 487 3250 Nun-‘diu
512 3211 563 3252 G.
585 3231 637 3241 —-
686 3211 751 3257 1⁹.
787 3217 917 3252 uma
954 3212 1029 3254 bit.
1068 3214 1188 3252 tuenti
1212 3213 1259 3253 V.
1289 3235 1336 3246 -—
1387 3213 1478 3266 (ἢ.
1516 3213 1580 3264 in]
1607 3214 1654 3252 id
1677 3215 1808 3255 codd.
1835 3215 1933 3266 aliq.

192 3293 276 3320 οιιι.
320 3281 365 3319 in
402 3279 561 3332 cedd.)
601 3303 648 3314 -
710 3287 751 3320 ee
800 3282 849 3322 V.
886 3281 941 3324 K.
981 3305 1023 3314 —
1099 3283 1164 3324 ¹8.
1218 3281 1352 3333 ibique
1398 3283 1448 3324 V.
1491 3305 1536 3316 -
1591 3281 1766 3332 filiorum
1801 3285 1852 3324 V.
1893 3307 1938 3316 --

188 3352 252 3390 25.
282 3361 363 3389 oni.
392 3351 435 3388 in
460 3349 513 3389 K.
