2525 3925
599 343 667 393 26
869 301 878 316 Ι
1142 336 1199 389 C.
1236 338 1535 390 SALUSTI
1568 336 1797 389 cmspl

599 487 832 538 omnium
870 488 1228 551 discesserat3
1265 488 1417 537 tanta
1452 487 1537 535 vis
1571 486 1741 539 morbi
1772 485 1849 535 uti
1874 486 2027 535 tabes
2050 482 2355 547 plerosque

601 578 800 627 civium
839 578 1048 627 animos
1081 577 1375 625 invaserat.

703 664 796 713 37.
831 665 1025 727 Neque
1063 664 1238 714 solum
1273 664 1388 712 illis
1424 662 1605 713 aliena
1638 674 1789 713 mens
1820 665 1960 729 erat,
2002 662 2096 726 qui
2136 664 2353 713 conscii

603 754 993 804 coniurationis
1031 754 1281 815 fuerant,
1326 752 1420 803 sed
1458 754 1672 803 omnino
1710 754 1905 801 cuneta
1940 750 2142 814 plebes·
2166 762 2351 801 nova-

559 845 592 895 5
612 853 942 893 rum-rerum
977 842 1157 892 studio
1191 839 1463 891 Catilinae
1504 842 1726 903 incepta
1760 841 2041 903 probabat.
2110 841 2172 890 Id
2206 841 2351 890 adeo

597 943 750 981 more
787 943 886 980 suo
939 930 1230 980 videbatur
1268 930 1471 981 facere.
1541 932 1678 979 Nam
1732 940 1947 989 semper
1990 928 2049 977 in
2098 929 2351 991 civitate,

601 1020 794 1081 quibus
831 1029 964 1080 opes
989 1017 1176 1067 nullae
1201 1021 1345 1081 sunt,
1383 1020 1535 1069 bonis
1558 1019 1823 1083 invident,
1858 1016 2033 1066 malos
2056 1015 2351 1083 extollunt,

596 1109 792 1155 vetera
819 1105 1004 1173 odere,
1039 1116 1184 1155 nova
1206 1109 1484 1170 exoptant,
1518 1107 1642 1155 odio
1678 1118 1894 1155 suarum
1929 1116 2113 1155 rerum
2146 1107 2349 1155 mutari

599 1195 782 1245 onmia
805 1192 1042 1260 student,
1060 1194 1218 1244 turba
1234 1197 1399 1257 atque
1420 1194 1775 1245 seditionibus
1794 1196 1913 1244 sine
1938 1206 2071 1243 eura
2090 1193 2319 1243 aluntur
2328 1208 2349 1258 3

526 1294 590 1346 10
606 1284 858 1346 quoniam
893 1284 1110 1347 egestas
1147 1282 1313 1332 facile
1347 1284 1573 1333 habetur
1596 1285 1715 1333 sine
1738 1284 1949 1333 damno.
2002 1282 2113 1333 Sed
2138 1282 2349 1333 urbana

599 1370 804 1437 plebes,
839 1382 908 1421 ea
942 1382 1078 1420 vero
1101 1377 1371 1433 praeceps
1392 1373 1535 1423 ierat
1558 1372 1743 1422 multis
1766 1371 1833 1422 de
1860 1372 2055 1421 causis.
2106 1371 2346 1421 Primum

597 1461 856 1524 omnium,
914 1461 1007 1523 qui
1055 1460 1254 1522 ubique
1304 1462 1503 1521 probro
1553 1464 1717 1523 atque
1751 1459 2062 1522 petulantia
2094 1470 2347 1509 maxume

598 1550 980 1616 praestabant,
1015 1550 1144 1598 item
1181 1549 1278 1599 alii
1315 1561 1415 1611 per
1450 1547 1719 1599 dedecora
1738 1550 2081 1611 patrimoniis
2101 1548 2344 1613 'amissis‚

597 1638 872 1698 postremo
917 1648 1102 1687 omnes
1121 1671 1138 1705 ,
1193 1650 1329 1701 quos
1371 1638 1635 1701 flagitium
1668 1642 1765 1689 aut
1797 1638 2013 1689 facinus
2048 1639 2208 1687 domo
2226 1638 2347 1687 'ex-

523 1736 586 1789 15
603 1724 838 1792 pulerat,
860 1728 902 1775 ii
924 1726 1150 1777 Romam
1173 1730 1319 1777 sieut
1340 1729 1396 1776 in
1418 1728 1685 1777 sentinam
1708 1728 2096 1777 confluxerant.
2132 1726 2347 1776 Deinde

595 1816 754 1865 multi
794 1827 1058 1866 memores
1092 1815 1357 1866 Sullanae
1402 1818 1697 1885 victoriae,
1756 1817 1896 1879 qnod
1946 1826 2019 1865 ex
2063 1817 2344 1879 gregariis

593 1903 856 1954 militibus
891 1904 1032 1955 alios
1067 1908 1353 1956 senatores
1385 1904 1669 1970 videbant,
1714 1903 1857 1955 alios
1894 1904 1975 1955 ita
2006 1902 2233 1970 divites,
2280 1906 2345 1955 ut

594 1994 750 2055 regio
785 1995 936 2043 victu
973 1995 1138 2056 atque
1177 1994 1328 2043 cuitu
1364 1997 1599 2044 aetatem
1638 1996 1892 2058 agerent,
1948 1993 2053 2043 sibi
2091 1995 2343 2058 quisque,

594 2082 645 2129 si
683 2083 739 2129 iu
779 2083 944 2130 armis
975 2083 1148 2144 foret,
1185 2093 1253 2130 ex
1289 2083 1525 2132 victoria
1556 2082 1694 2132 talia
1726 2083 1997 2144 sperabat.
2048 2083 2346 2132 Praeterea

520 2170 870 2234 zoiuventus,
904 2171 1126 2232 quaein
1149 2171 1301 2233 agris
1318 2181 1570 2241 manuum
1593 2171 1845 2220 mercede
1866 2172 2106 2232 inopiam
2131 2170 2345 2220 tolera-

593 2260 784 2321 verat,
839 2258 1070 2319 privatis
1119 2261 1286 2320 atque
1334 2257 1569 2320 publicis
1602 2258 1989 2322 largitionibus
2020 2262 2205 2310 exeita
2240 2271 2343 2309 ur-

593 2345 790 2396 banum
823 2347 990 2396 otium
1021 2347 1242 2410 ingrato
1262 2345 1443 2397 labori
1481 2347 1847 2411 praetulerat3
1884 2360 1980 2398 eon
2004 2351 2171 2411 atque
2192 2347 2339 2398 alios

591 2436 764 2484 omnis
807 2433 1008 2484 malum
1053 2432 1327 2496 publicum
1372 2435 1569 2488 alebat.
1642 2433 1762 2499 Quo
1810 2439 1987 2486 minus
2034 2437 2343 2488 mirandum

591 2523 678 2572 est
725 2523 968 2572 homines
1009 2524 1252 2591 egentis,
1299 2523 1458 2575 malis
1500 2525 1767 2591 moribus,
1813 2536 2063 2575 maxuma
2093 2537 2221 2591 spe,
2254 2527 2345 2576 rei

515 2619 582 2672 25
599 2611 852 2674 publicae
887 2613 1043 2662 iuxta
1086 2624 1154 2663 ae
1195 2613 1302 2664 sibi
1352 2613 1706 2664 consuluisse.
1774 2614 2069 2664 Praeterea
2111 2625 2343 2676 qnorum

587 2702 826 2752 victoria
860 2700 1050 2753 Sullae
1095 2705 1355 2763 parentes
1400 2691 1727 2767 proscripti,
1780 2702 1925 2753 bona
1976 2706 2199 2764 erepta,
2250 2703 2343 2754 ius

585 2789 860 2841 libertatis
891 2790 1211 2840 inminutum
1243 2792 1390 2855 erat,
1444 2791 1585 2842 baud
1630 2803 1765 2842 sane
1816 2791 1929 2842 alio
1975 2793 2153 2842 animo
2199 2790 2341 2842 belli

587 2880 840 2928 eventum
861 2878 1265 2940 exspectabant.
1316 2877 1405 2928 Ad
1438 2877 1545 2930 hoo
1581 2881 1889 2944 quicunque
1908 2880 2139 2934 aliarnm
2161 2881 2332 2944 atque

686 3126 724 3166 1.
765 3131 887 3178 aeque
911 3129 971 3168 uei
1002 3129 1054 3171 V.
1086 3149 1131 3162 .-
1181 3129 1244 3169 ii.
1286 3129 1419 3180 ἕσσε]
1444 3134 1533 3170 erae
1557 3131 1607 3174 G.
1645 3129 1757 3180 plebe
1788 3141 1865 3170 non
1890 3131 2107 3172 min
2130 3133 2221 3172 inei·
2244 3143 2339 3172 οσο

582 3206 778 3246 praeceps
803 3201 892 3236 erae
913 3196 967 3238 V.
999 3219 1043 3228 -
1092 3197 1154 3238 18.
1177 3197 1405 3248 petulantie
1428 3197 1685 3247 montebon
1694 3225 1711 3246 ,
1746 3200 1920 3238 nasim
1950 3198 2209 3248 moretm,
2244 3203 2343 3240 itm

587 3264 638 3303 V.
663 3285 712 3294 —
747 3266 812 3306 15.
840 3264 885 3304 1ιὲ
909 3263 961 3305 V.
986 3265 1041 3306 K.
1071 3289 1116 3298 —
1140 3267 1261 3306 sicuti
1284 3266 1337 3308 V.
1366 3265 1419 3306 K.
1447 3287 1497 3297 --
1520 3265 1629 3308 Dein
1644 3266 1695 3307 V.
1720 3287 1770 3296 —-
1808 3267 1867 3308 17.
1892 3268 1953 3306 im·
1974 3267 2029 3310 Κ.
2059 3287 2107 3300 ·—
2143 3269 2207 3310 26.
2232 3281 2335 3319 pro-

588 3333 730 3385 scripti
747 3339 935 3384 paream
958 3333 1008 3375 V.
1038 3355 1087 3364 —
1135 3334 1200 3375 27.
1223 3332 1362 3384 fuant
1385 3335 1437 3375 V.

670 3691 693 3714 Ι

573 3728 739 3900 ΙΙ.
776 3726 889 3899 ‘Ei'
920 3766 933 3783 Ι.
962 3746 1045 3765 ,ι’
