2525 3925
587 342 693 393 14⁶
1122 336 1183 389 Ο.
1220 336 1520 389 SALUs'n
1555 332 1790 389 cmsm

586 498 710 537 rum
734 487 966 551 quinque
992 483 1219 552 delegit,
1256 496 1484 547 quorum
1521 488 1578 534 et
1609 483 1742 533 fides
1779 484 2000 546 cognita
2027 485 2086 532 et
2115 483 2354 545 ingenia

588 574 943 625 validissuma
980 575 1151 623 erant.
1210 574 1321 623 Eos
1359 572 1426 621 ad
1451 573 1702 636 Marium,
1739 584 1806 621 ac
1835 571 1976 636 dein,
2013 570 2064 619 si
2101 570 2352 631 placeat,

589 664 813 713 Romam
852 662 1067 725 legatos
1114 661 1199 710 ire
1246 660 1428 724 iubet,
1479 659 1814 721 agendarum
1861 670 2048 708 rerum
2099 661 2158 708 et
2203 672 2354 720 quo-

590 762 805 813 cunque
838 751 997 799 modo
1034 748 1166 799 belli
1202 750 1546 808 conponendi
1580 746 1860 798 licentiam
1891 749 2030 809 ipsis
2057 748 2354 807 permittit.

545 840 684 893 51111
714 840 925 888 mature
961 836 1031 887 ad
1064 838 1289 887 hiberna
1326 836 1697 885 Romanorum
1735 834 2176 896 proficiscuntur,
2217 836 2354 884 dein

586 932 643 977 in
676 928 875 977 itinere
902 939 935 975 a
963 925 1213 977 Gaetulis
1247 924 1554 973 latronibus
1595 923 1954 973 circumventi
1987 921 2348 986 spoliatique,

588 1016 792 1077 pavidi,
833 1014 951 1062 sine
987 1014 1189 1063 decore
1227 1012 1298 1061 ad
1333 1010 1544 1061 Sullam
1579 1012 1916 1074 profugiunt,
1954 1022 2112 1072 quem
2141 1010 2348 1059 consul

585 1106 644 1150 in
694 1100 1094 1162 expeditionem
1149 1099 1502 1161 proficiscens
1557 1110 1658 1159 pro
1710 1100 1964 1159 praetore
2012 1097 2348 1159 reliquerat.

586 1188 697 1238 Eos
730 1187 829 1237 ille
862 1200 971 1238 nou
1005 1200 1105 1250 pro
1142 1188 1302 1236 vanis
1338 1187 1610 1248 hostibuS,
1663 1188 1746 1235 uti
1779 1187 1960 1235 meriti
1999 1188 2184 1248 erant,
2243 1186 2346 1235 sed

516 1278 851 1330 ioadcurate
886 1288 953 1325 ac
989 1274 1298 1325 liberaliter
1331 1274 1548 1337 habuit3
1587 1286 1696 1336 qua
1719 1284 1778 1323 re
1802 1274 2022 1322 barbari
2053 1276 2110 1323 et
2133 1274 2344 1323 samam

585 1365 945 1413 Romanorum
996 1363 1268 1412 avaritiae
1317 1361 1528 1411 falsam
1557 1364 1614 1411 et
1649 1360 1855 1409 Sullam
1896 1362 1964 1411 ob
2013 1360 2345 1410 munificen-

586 1452 717 1499 tiam
751 1452 810 1499 in
844 1462 969 1500 sese
1000 1451 1229 1501 amicum
1263 1450 1385 1499 rati.
1439 1450 1578 1497 Nam
1603 1450 1878 1497 etiamtum
1901 1446 2124 1509 largitio
2149 1448 2343 1499 multis

583 1540 773 1601 ignota
804 1543 926 1587 erat
938 1553 955 1601 3
994 1537 1278 1587 munificus
1311 1550 1470 1585 nemo
1511 1537 1803 1597 putabatur
1836 1536 1943 1585 nisi
1978 1536 2192 1597 pariter
2237 1548 2344 1585 vo-

583 1625 723 1689 lens,
796 1627 937 1677 dona
986 1626 1173 1675 omnia
1220 1628 1278 1674 in
1331 1624 1669 1685 benignitate
1719 1623 2068 1673 habebantur.
2155 1625 2342 1685 Igitur

515 1720 577 1771 15
592 1716 873 1777 quaestori
907 1714 1163 1763 mandata
1185 1713 1386 1763 Bocchi
1422 1712 1760 1773 patefaciunt
1771 1726 1790 1773 3
1824 1709 1984 1759 simul
2023 1710 2090 1760 ab
2129 1720 2200 1761 eo
2237 1724 2341 1773 pe-

584 1804 734 1867 tunt,
772 1803 855 1852 uti
888 1803 1071 1853 fautor
1108 1800 1496 1862 consultorque
1535 1800 1641 1849 sibi
1676 1799 1845 1861 adsit3
1897 1800 2115 1863 copias,
2155 1798 2340 1863 fidem,

582 1891 1006 1953 magnitudinem
1058 1892 1208 1953 regis
1254 1891 1342 1939 sui
1389 1892 1447 1939 et
1493 1888 1640 1954 alia,
1695 1898 1834 1949 quae
1887 1889 1984 1935 aut
2029 1885 2194 1935 utilia
2241 1891 2342 1937 aut

580 1979 1003 2028 benevolentiae
1036 1990 1161 2028 esse
1196 1979 1517 2043 credebant,
1565 1977 1810 2026 oratione
1845 1973 2120 2024 extollunt
2130 1989 2148 2036 ς
2205 1975 2338 2024 dein

584 2064 745 2113 Sulla
786 2067 970 2114 omnia
1005 2065 1282 2127 pollicito,
1337 2064 1514 2129 docti,
1565 2076 1672 2125 quo
1707 2063 1864 2112 modo
1897 2061 2042 2123 apud
2073 2063 2336 2126 Marium,

508 2151 717 2207 2oitem
753 2151 893 2212 apud
930 2154 1179 2201 senatum
1229 2150 1404 2200 verba
1443 2152 1720 2217 facerent,
1775 2151 1998 2200 circiter
2033 2150 2154 2200 dies
2191 2162 2338 2212 qua-

584 2239 839 2300 draginta
872 2238 1077 2286 ibidem
1114 2239 1484 2300 obperiuntur.

679 2341 800 2390 104.
851 2343 1063 2392 Marius
1087 2347 1375 2408 postquam
1402 2345 1652 2394 confecto
1675 2345 1918 2411 negotio,
1943 2355 2050 2405 quo
2075 2343 2336 2395 intende-

580 2431 687 2495 rat,
712 2426 915 2478 Cirtam
941 2432 1101 2497 redit,
1128 2432 1193 2482 de
1213 2433 1455 2481 adventu
1478 2432 1784 2493 legatorum
1803 2433 2007 2481 certior
2029 2433 2237 2499 factus,
2263 2431 2338 2481 il·-

581 2515 777 2579 losque
796 2521 851 2566 et
870 2517 1076 2568 Sullam
1104 2520 1171 2569 ab
1190 2521 1377 2569 Tucca
1393 2521 1585 2567 venire
1606 2520 1772 2584 iubet,
1797 2521 1922 2568 item
1941 2519 2003 2566 It.
2024 2518 2336 2569 Bellienum

503 2603 569 2654 25
586 2607 889 2667 praetorem
912 2608 1089 2669 Utica,
1128 2609 1416 2668 praeterea
1439 2605 1612 2656 omnis
1637 2607 1872 2667 undique
1893 2605 2156 2656 senatorii
2177 2609 2338 2656 ordi-

578 2695 683 2758 nis,
722 2694 1043 2756 quibuscum
1070 2692 1329 2743 mandata
1353 2693 1550 2742 Bocchi
1575 2695 1876 2756 cognoscit.
1909 2693 2140 2756 Legatis
2163 2695 2336 2754 pote-

672 2965 712 3002 8.
741 2962 883 3002 deinde
907 2961 961 3002 K.
987 2983 1037 2992 —-
1068 2963 1110 3002 5.
1139 2962 1282 3002 deinde
1306 2962 1360 3003 K.
1389 2962 1531 3001 deinde
1555 2975 1582 3001 a
1605 2963 1821 3002 latu-oniba:
1848 2961 2006 3002 Getulis
2030 2965 2074 3003 ὑι
2097 2966 2253 3005 itinere
2278 2968 2328 3006 V.

579 3052 622 3060 -
647 3027 685 3067 7.
710 3028 941 3078 ρσριςίωιε
966 3029 1017 3069 Κ.
1032 3051 1083 3061 -
1105 3029 1147 3069 9.
1174 3035 1219 3068 ue
1241 3029 1295 3070 K.
1317 3051 1364 3061 -
1391 3031 1454 3070 10.
1483 3035 1522 3068 ee
1546 3030 1766 3070 liberaliter
1789 3032 1841 3071 V.
1862 3055 1904 3063 —
1933 3032 1994 3070 12.
2023 3033 2066 3068 n'n
2089 3043 2178 3070 eeu
2201 3037 2330 3082 σφω·-

574 3100 656 3134 um
676 3098 847 3134 amicum
870 3097 922 3137 V.
947 3115 998 3126 ·—
1023 3098 1085 3137 18.
1116 3096 1379 3136 benivolentia
1403 3097 1454 3138 V.
1482 3117 1532 3126 -
1555 3098 1618 3136 ΒΞ.
1647 3096 1846 3149 confecto]
1873 3098 1925 3138 V.
1947 3097 2002 3136 K.
2023 3097 2174 3148 infecto
2201 3101 2258 3142 G.
2281 3123 2329 3134 -

574 3174 651 3213 quo
671 3161 921 3210 intenderat,
947 3166 1099 3213 negocio
1124 3165 1179 3205 Κ.
1207 3166 1330 3216 (quoi
1353 3163 1482 3204 Palat.
1509 3165 1580 3214 8.)
1610 3187 1654 3198 --
1688 3167 1750 3206 u.
1777 3165 1932 3206 Sulla-e
1955 3165 2014 3204 aa
2033 3178 2078 3204 u
2101 3169 2246 3206 vaire
2273 3170 2326 3209 V.

571 3226 727 3270 &aaa
758 3230 891 3268 omae
928 3232 979 3272 G.
1028 3231 1183 3272 Suum
1216 3232 1268 3270 ab
1297 3232 1419 3272 Utica
1451 3232 1585 3272 amir}
1609 3232 1663 3273 K.
1703 3255 1750 3267 -
1799 3235 1967 3284 itemquo
2001 3233 2053 3272 V.
2089 3252 2141 3262 —-
2175 3235 2244 3274 2⁵.
2273 3236 2328 3274 οὗ

574 3295 700 3336 vesca
725 3295 773 3336 V.
814 3307 895 3338 om.
917 3297 959 3337 b.
980 3297 1011 3338 1.
1042 3299 1165 3338 Utica
1189 3299 1241 3339 Κ.
1273 3320 1320 3330 -
1345 3300 1407 3341 w.
1433 3302 1657 3350 coynoecn‘e:
1691 3303 1734 3341 in
1765 3299 1905 3352 quc-’bus
1929 3300 2069 3352 laques·
2095 3300 2144 3338 V.
