2525 3925
602 314 890 367 BELLUM
926 315 1361 371 IUGURTRINU
1362 322 1435 371 M.
1819 322 1889 371 69

147 462 444 523 postquam
475 461 772 513 Numantia
820 462 1004 513 deleta
1035 463 1092 513 P.
1129 465 1319 527 Scipio
1362 464 1633 517 dimittere
1682 466 1889 519 auxilia

145 553 208 601 et
239 550 360 611 ipse
391 551 602 601 revorti
635 551 858 601 domum
895 554 1171 617 decrevit,
1207 554 1469 605 donatum
1502 558 1665 617 atque
1694 555 1889 607 lauda-

147 643 264 687 tum
301 638 590 703 magnifiee
627 650 726 701 pro
773 642 1030 691 contione
1081 643 1393 705 Iugurtham
1438 644 1493 693 in
1552 646 1888 704 praetorium

145 724 374 777 abduxit
407 728 592 789 ibique
627 734 846 778 secreto
877 731 1102 793 monuit,
1143 732 1224 779 uti
1261 732 1444 792 potius
1478 732 1693 793 publice
1724 746 1891 795 quam

139 816 406 877 privatim
454 816 748 865 amicitiam
795 816 980 879 populi
1013 818 1245 867 Romani
1291 818 1501 869 coleret
1542 831 1645 869 neu
1692 817 1927 881 quibus5

141 902 344 966 largiri
367 904 706 953 insuesceret
715 918 736 967 3
771 904 1078 965 periculose
1114 918 1150 954 a
1182 908 1373 968 paucis
1404 908 1528 971 emi,
1566 910 1709 971 quod
1744 908 1883 959 mul-

145 994 326 1041 torum
361 994 540 1041 essetz
589 992 637 1041 si
675 1003 990 1054 permanere
1027 993 1198 1044 vellet
1231 996 1293 1043 in
1322 997 1436 1044 suis
1470 996 1710 1063 artibus,
1744 997 1889 1047 ultro

141 1077 236 1127 ini
270 1080 328 1129 et
359 1079 590 1143 gloriam
629 1082 684 1129 et
719 1091 944 1143 regnum
997 1088 1320 1149 venturum,
1371 1086 1459 1133 sin
1510 1086 1888 1147 properantius

141 1170 437 1234 pergeret,
471 1157 680 1217 suamet
707 1169 880 1231 ipsum
913 1171 1144 1231 pecunia
1175 1173 1529 1234 praeeipitem
1565 1184 1831 1224 casurum.

257 1254 314 1305 9.
363 1254 457 1305 Sic
508 1255 720 1305 locutus
773 1269 892 1306 cum
942 1257 1146 1308 litteris
1205 1270 1360 1324 eum,
1427 1272 1563 1322 quas
1614 1261 1883 1322 Micipsae
1898 1258 1965 1311 10

141 1342 434 1406 redderet3
471 1343 685 1393 dimisit.
756 1343 955 1395 Earum
989 1348 1258 1397 sententia
1293 1349 1427 1399 haee
1458 1352 1609 1400 erat:
1646 1351 1888 1413 «Iugur-

143 1432 278 1483 thae
329 1432 407 1480 tui
457 1431 603 1482 bello
651 1433 979 1486 Numantino
1025 1435 1192 1499 longe
1244 1448 1493 1489 maxuma
1539 1439 1715 1487 virtus
1768 1438 1890 1504 fuit,

145 1532 316 1582 quam
348 1531 462 1569 rem
495 1522 592 1571 tibi
624 1526 774 1573 certo
809 1524 927 1573 seio
963 1524 1160 1586 gaudio
1195 1537 1335 1573 esse.
1384 1526 1555 1575 Nobis
1591 1527 1659 1575 oh
1692 1527 1890 1577 merita

143 1620 248 1659 sua
283 1621 446 1659 carus
481 1613 598 1672 est3
658 1614 718 1659 ut
753 1612 892 1660 idem
935 1614 1148 1661 senatui
1193 1618 1252 1661 et
1288 1613 1485 1677 populo
1520 1615 1765 1663 Romano
1797 1615 1889 1679 sit,

144 1710 354 1747 summa
397 1708 502 1757 ope
541 1699 795 1748 nitemur.
865 1699 984 1749 Tibi
1023 1700 1238 1761 quidem
1284 1714 1385 1763 pro
1426 1704 1613 1750 nostra
1646 1703 1886 1751 amicitia
1901 1701 1961 1751 15

141 1785 414 1849 gratulor.
484 1785 566 1835 Eu
615 1785 788 1835 habes‘
833 1787 1010 1835 virum
1059 1787 1280 1849 dignum
1330 1792 1384 1837 te
1432 1792 1595 1852 atque
1642 1800 1750 1839 avo
1789 1800 1889 1839 suo

141 1874 492 1923 Masinissa.»
561 1873 742 1936 Igitur
773 1885 908 1940 rex,
955 1873 1044 1924 ubi
1085 1886 1180 1942 ea,
1231 1888 1370 1937 quae
1404 1876 1547 1925 fama
1582 1880 1891 1944 acceperat,

145 1975 218 2012 ex
251 1963 456 2013 litteris
493 1963 840 2024 imperatoris
885 1964 966 2012 ita
1009 1975 1131 2014 esse
1176 1967 1464 2028 cognovit,
1521 1977 1638 2014 cum
1686 1966 1890 2016 virtute

143 2053 260 2102 tum
291 2051 474 2114 gratia
506 2051 616 2102 viri
651 2054 922 2113 permotus
961 2052 1110 2100 flexit
1142 2054 1375 2104 animum
1408 2065 1565 2104 suum
1600 2056 1657 2102 et
1690 2055 1889 2116 lugur-

145 2139 295 2188 tham
328 2138 605 2190 beneficiis
654 2140 879 2189 vincere
930 2140 1222 2203 adgressus
1266 2145 1380 2204 est,
1430 2142 1723 2204 statimque
1764 2153 1886 2192 eum
1898 2144 1967 2196 20

145 2228 436 2290 adoptavit
480 2232 538 2277 et
581 2229 903 2278 testamento
950 2230 1156 2288 pariter
1198 2241 1317 2278 cum
1356 2229 1483 2278 filiis
1517 2230 1769 2280 heredem
1803 2229 1893 2278 in-

143 2316 344 2366 stituit.
395 2316 505 2366 Sed
532 2307 650 2376 ipse
684 2328 890 2378 paucos
927 2320 1053 2378 post
1083 2303 1253 2366 annes
1286 2320 1473 2368 morbo
1510 2320 1673 2380 atque
1709 2320 1892 2368 aetate

145 2403 434 2454 confectus
484 2416 641 2465 quom
692 2406 795 2453 sibi
849 2403 1010 2454 finem
1067 2407 1216 2454 vitae
1270 2406 1463 2456 adesse
1526 2404 1893 2473 intellegeret,

147 2501 342 2542 coram
359 2491 546 2540 amieis
567 2495 625 2540 et
646 2493 896 2556 cognatis
917 2495 1156 2555 itemque
1173 2491 1485 2542 Adherbale
1504 2498 1561 2543 et
1578 2492 1889 2554 Hiempsale

145 2577 282 2628 filiis
321 2577 519 2627 dicitur
551 2577 916 2632 huiuscemodi
951 2580 1122 2631 verba
1161 2591 1282 2630 cum
1314 2580 1575 2642 Iugurtha
1609 2580 1967 2634 habuissez25

226 2664 343 2715 .10.
400 2665 669 2716 «Parvum
703 2679 807 2732 ego
839 2669 922 2732 te,
957 2670 1247 2733 Iugurtha,
1304 2669 1503 2718 amisso
1534 2670 1719 2730 patre,
1773 2669 1895 2718 sine

145 2768 282 2824 spe,
321 2756 440 2806 sine
475 2756 697 2819 opibus,
737 2757 794 2805 in
827 2767 1002 2806 meum
1033 2768 1263 2820 regnum
1288 2737 1520 2820 accepi,
1561 2757 1894 2806 existumans

143 2856 260 2898 non
294 2846 471 2896 minus
516 2858 602 2896 me
639 2845 766 2908 tibi,
817 2857 976 2906 quam
1023 2847 1074 2896 si
1117 2847 1456 2910 genuissem,
1508 2846 1575 2896 ob
1630 2843 1895 2896 beneficia

249 3035 290 3072 4.
325 3033 494 3072 adduxit
531 3033 584 3072 V.
613 3033 665 3073 G.
697 3055 741 3066 —
793 3037 838 3071 ue
870 3033 922 3071 V.
952 3033 1000 3074 G.
1025 3053 1073 3062 -
1124 3033 1166 3072 9.
1201 3036 1410 3082 pergeret,
1450 3032 1657 3081 pecuniam
1696 3036 1735 3069 et
1767 3034 1895 3081 {psum

145 3115 213 3154 pr.
243 3113 281 3142 c.
308 3102 361 3141 V.
388 3121 437 3130 —-
487 3102 548 3141 1³.
590 3105 696 3140 emo
721 3101 804 3139 m‘o
831 3100 905 3140 eibi
929 3101 980 3140 V'.
1008 3121 1058 3129 —
1109 3101 1170 3140 u.
1212 3103 1273 3138 utu·
1307 3099 1361 3138 K.
1393 3122 1436 3130 —
1486 3101 1643 3138 sennem·
1673 3100 1895 3150 populoque

149 3173 204 3212 Θ.
235 3193 282 3206 -
331 3169 393 3211 16.
434 3182 517 3210 om.
545 3182 596 3208 en
617 3169 748 3211 eodd.
773 3169 906 3210 vnio.
936 3168 1058 3210 Leia.
1083 3189 1135 3198 —
1184 3168 1245 3209 is.
1290 3173 1371 3206 m
1406 3169 1554 3208 secute
1575 3167 1630 3208 V.
1654 3187 1705 3198 -
1751 3169 1816 3209 81.
1858 3173 1899 3205 ee

149 3245 193 3282 in
217 3241 270 3280 V.
297 3263 340 3272 -
389 3241 454 3279 28.
484 3251 601 3292 quum
626 3239 692 3290 εἰ]
715 3239 951 3280 sueton-ibus
977 3238 1126 3278 Ursino
1151 3244 1194 3278 et
1218 3237 1438 3278 meconio
1464 3236 1515 3278 Κ.
1542 3249 1661 3288 quaa·
1682 3235 1833 3283 liberie,
1860 3240 1899 3276 nd

151 3311 280 3350 Libri.
309 3309 361 3349 V.
389 3310 439 3349 G.
