2525 3925
827 333 1195 390 Limonum
1226 333 1384 388 cxl..
1864 336 1977 390 m

238 497 403 550 spere
448 486 717 538 adversus
750 478 963 536 Poenos
1008 487 1069 536 ct
1110 485 1430 537 Hanno-nem
1463 483 1654 536 ducem
1695 485 1766 536 ad
1797 487 1973 536 Bene-

238 579 461 628 ventum
497 575 791 640 pugnavit,
828 585 1111 624 servorum
1144 573 1378 624 maxime
1415 584 1614 638 opera,
1665 584 1800 635 quos
1829 573 1974 624 libe-

146 661 333 714 ⁵4⁰ros
382 675 507 714 esse
552 663 725 714 iussit.
798 660 1057 714 Claudius
1088 661 1392 712 Marcellus
1433 660 1626 713 consul
1669 661 1728 710 in
1763 662 1972 730 Sicilia,

237 764 377 816 qnae
415 765 587 814 prope
626 754 743 802 tota
775 751 847 801 ad
882 751 1095 802 Poenos
1128 750 1430 816 defecerat,
1468 750 1780 812 Syracusas
1813 751 1976 800 obse-

237 843 333 892 dit.
403 840 653 902 Philippo
699 840 1061 890 Macedonum
1106 841 1229 901 regi
1275 836 1482 888 bellum
1533 838 1796 890 indictum
1850 835 2014 902 est35

237 931 331 991 qui
376 930 445 979 ad
488 928 841 994 Apolloniam
894 931 1163 978 nocturno
1212 927 1425 988 proelio
1473 938 1762 989 oppressus
1810 927 1975 990 fuga-

236 1021 431 1080 tusque
465 1019 521 1068 in
554 1018 935 1068 Macedoniam
968 1027 1087 1066 cum
1120 1026 1294 1077 prope
1327 1015 1521 1066 inermi
1555 1017 1802 1066 exercitu
1845 1028 1974 1078 per-

236 1107 397 1170 fugit.
467 1108 549 1156 Ad
598 1107 654 1156 id
699 1104 901 1156 bellum
946 1105 1247 1168 gerendum
1285 1103 1544 1154 Valerius
1582 1108 1808 1165 praetor
1841 1105 1974 1154 mis—

151 1197 332 1244 54¹sus
368 1196 468 1244 est.
537 1195 649 1244 Res
684 1196 971 1256 praeterea
1006 1193 1065 1240 in
1084 1192 1348 1254 Hispania
1379 1204 1412 1241 a
1445 1191 1504 1240 P.
1540 1195 1598 1243 et
1634 1189 1730 1242 Cn.
1755 1192 1974 1255 Scipio-

239 1282 397 1330 nibus
422 1283 687 1332 adversus
711 1280 1193 1343 Karthaginienses
1216 1283 1404 1343 gestas
1433 1281 1694 1330 continet.
1747 1281 1970 1342 syphax
1984 1278 2048 1329 10

238 1381 341 1418 rex
378 1369 734 1420 Numidarum
768 1372 827 1419 in
868 1369 1169 1418 amicitiam
1202 1367 1472 1433 adscitus,
1517 1373 1577 1418 et
1611 1381 1646 1420 a
1680 1370 1974 1420 Masinissa

234 1469 368 1520 rege
391 1457 763 1520 Massylorum
788 1469 883 1519 pro
908 1457 1452 1520 Karthaginiensibus
1475 1459 1751 1520 pugnante
1773 1460 1973 1523 victus,

233 1546 293 1594 in
329 1548 636 1596 Maurusios
682 1559 802 1599 cum
836 1558 1037 1610 magna
1070 1557 1231 1596 manu
1280 1546 1500 1597 transiit
1546 1547 1738 1597 contra
1773 1546 1972 1610 Gades,

233 1635 329 1684 ubi
361 1635 595 1696 angusto
634 1634 779 1690 freto
814 1635 1006 1684 Africa
1040 1637 1097 1684 et
1130 1636 1398 1696 Hispania
1431 1636 1768 1684 dirimuntur.
1841 1631 1972 1684 Cel—

233 1722 398 1773 tiberi
432 1733 640 1784 quoque
674 1723 735 1772 in
766 1723 1060 1772 amicitiam
1103 1722 1314 1783 recepti
1345 1725 1502 1783 sunt,
1551 1734 1775 1784 quorum
1809 1722 1968 1772 auxi-
1983 1720 2046 1770 15

232 1809 328 1860 liis
362 1810 589 1860 adscitis
624 1810 753 1859 tunc
785 1811 1021 1872 primum
1052 1810 1448 1861 mercenarium
1469 1809 1694 1860 militem
1725 1811 1974 1861 Romana

234 1900 419 1950 castra
460 1898 780 1950 habuerunt.

877 2057 1117 2107 Liber
1164 2056 1336 2105 XXV.

341 2164 397 2213 Ρ.
436 2160 721 2215 Cornelius
758 2164 975 2228 Scipio,
1022 2167 1215 2227 postea
1248 2163 1546 2215 Africanus
1561 2196 1579 2231 ,
1625 2164 1753 2215 ante
1801 2174 1972 2215 annos

149 2251 432 2306 “caeduis
477 2252 655 2303 factus
698 2256 799 2305 est.
870 2254 1142 2305 Hannibal
1188 2254 1376 2303 urbem
1411 2253 1701 2304 Tarentum
1750 2257 1970 2315 praeter
1979 2256 2048 2307 20

233 2352 419 2391 arcem
434 2375 450 2403 ‚
500 2343 557 2391 in
592 2353 747 2403 quam
796 2342 1123 2403 praesidium
1161 2341 1531 2390 Romanorum
1577 2343 1828 2407 fugerat,
1871 2353 1975 2401 per

234 2428 560 2476 Tarentinos
592 2428 843 2491 iuvenes,
898 2429 989 2489 qui
1030 2439 1093 2476 se
1128 2430 1294 2477 noctu
1332 2430 1589 2477 venatum
1628 2428 1712 2478 ire
1747 2426 1976 2477 simula-

234 2518 452 2578 verant,
488 2516 650 2577 cepit.
718 2514 859 2564 Ludi
889 2515 1241 2578 Apollinares
1281 2528 1350 2565 ex
1384 2517 1582 2565 Marcii
1629 2515 1978 2579 carminibus,

233 2604 427 2666 quibus
452 2601 754 2653 Cannensis
787 2603 973 2655 clades
1008 2606 1290 2667 praedicta
1324 2605 1526 2668 fuerat,
1559 2604 1795 2653 instituti
1827 2605 1974 2653 sunt.

232 2693 287 2741 A
319 2688 385 2754 Q.
414 2690 613 2742 Fulvio
662 2695 719 2741 et
754 2692 858 2753 Ap.
901 2690 1129 2744 Claudio
1166 2693 1480 2743 consulibus
1515 2694 1780 2743 adversus
1817 2692 1968 2741 Han·
1981 2695 2048 2748 25

232 2792 430 2831 nonem
476 2782 779 2831 Poenorum
828 2782 1023 2831 ducem
1076 2793 1336 2843 prospere
1383 2782 1678 2845 pugnatum
1723 2782 1826 2831 est.
1893 2780 1975 2829 Ti.

234 2870 587 2932 Sempronius
628 2869 907 2922 Gracchus
942 2870 1237 2933 proconsul
1271 2871 1340 2921 ab
1377 2871 1588 2931 hospite
1625 2880 1725 2919 suo
1747 2868 1973 2919 Lucano

233 2961 293 3009 in
326 2958 551 3009 insidias
586 2957 871 3022 deductus,
905 2969 942 3010 a
967 2961 1202 3021 Magone
1236 2958 1560 3009 interfectus
1595 2960 1696 3007 est-
1769 2954 1974 3007 Cente-

233 3048 357 3097 nius
392 3047 627 3117 Penula,
676 3049 771 3111 qui
814 3049 1061 3099 centurio
1100 3046 1466 3110 militaverat,
1515 3059 1636 3097 cum
1671 3046 1900 3108 petisset
1937 3057 1974 3095 a

234 3139 461 3203 senatu,
508 3138 568 3185 ut
610 3136 717 3188 sibi
764 3138 1043 3189 exercitus
1082 3137 1334 3200 daretur,
1383 3134 1768 3199 pollicitusque
1803 3136 2048 3199 essetffio

234 3227 287 3276 si
320 3223 425 3273 boc
456 3225 834 3293 impetrasset,
868 3224 937 3277 de
971 3223 1278 3277 Hannibale
1310 3224 1625 3290 victoriam,
1657 3226 1784 3275 octo
1814 3222 1974 3273 mili·-

234 3315 337 3365 bus
388 3314 661 3380 acceptis,
714 3313 950 3367 militum
1000 3314 1111 3365 dux
1160 3312 1346 3368 nctus
1395 3314 1638 3365 conflixit
1683 3312 1804 3364 acie
1849 3322 1974 3361 cum
