<?xml version="1.0" encoding="UTF-8"?>
<!DOCTYPE html PUBLIC "-//W3C//DTD XHTML 1.0 Transitional//EN"
    "http://www.w3.org/TR/xhtml1/DTD/xhtml1-transitional.dtd">
<html xmlns="http://www.w3.org/1999/xhtml" xml:lang="en" lang="en">
 <head>
  <title>
</title>
<meta http-equiv="Content-Type" content="text/html;charset=utf-8" />
  <meta name='ocr-system' content='tesseract 3.04.00' />
  <meta name='ocr-capabilities' content='ocr_page ocr_carea ocr_par ocr_line ocrx_word'/>
</head>
<body>
  <div class='ocr_page' id='page_1' title='image "./catilinaetiugur00livygoog_0343.png"; bbox 0 0 2525 3925; ppageno 0'>
   <div class='ocr_carea' id='block_1_1' title="bbox 923 342 2081 397">
    <p class='ocr_par' dir='ltr' id='par_1_1' title="bbox 923 342 2081 397">
     <span class='ocr_line' id='line_1_1' title="bbox 923 342 2081 397; baseline -0.003 0"><span class='ocrx_word' id='word_1_1' title='bbox 923 344 1299 397; x_wconf 68' lang='lat' dir='ltr'><strong>mulionum</strong></span> <span class='ocrx_word' id='word_1_2' title='bbox 1334 342 1492 395; x_wconf 52' lang='lat' dir='ltr'><strong>CXI*</strong></span> <span class='ocrx_word' id='word_1_3' title='bbox 1972 344 2081 393; x_wconf 64' lang='lat' dir='ltr'><strong>am</strong></span> 
     </span>
    </p>
   </div>
   <div class='ocr_carea' id='block_1_2' title="bbox 333 488 2083 645">
    <p class='ocr_par' dir='ltr' id='par_1_2' title="bbox 333 488 2083 645">
     <span class='ocr_line' id='line_1_2' title="bbox 335 488 2083 555; baseline 0.001 -14"><span class='ocrx_word' id='word_1_4' title='bbox 335 492 652 553; x_wconf 82' lang='lat' dir='ltr'><strong>susceptum</strong></span> <span class='ocrx_word' id='word_1_5' title='bbox 677 490 986 541; x_wconf 76' lang='lat' dir='ltr'><strong>Parthicum</strong></span> <span class='ocrx_word' id='word_1_6' title='bbox 1020 489 1220 541; x_wconf 86' lang='lat' dir='ltr'><strong>bellum</strong></span> <span class='ocrx_word' id='word_1_7' title='bbox 1251 488 1417 551; x_wconf 87' lang='lat' dir='ltr'><strong>culpa</strong></span> <span class='ocrx_word' id='word_1_8' title='bbox 1450 500 1552 538; x_wconf 85' lang='lat' dir='ltr'><strong>sua</strong></span> <span class='ocrx_word' id='word_1_9' title='bbox 1587 500 1779 550; x_wconf 85' lang='lat' dir='ltr'><strong>passus</strong></span> <span class='ocrx_word' id='word_1_10' title='bbox 1812 491 1916 555; x_wconf 86' lang='lat' dir='ltr'><strong>est,</strong></span> <span class='ocrx_word' id='word_1_11' title='bbox 1953 490 2083 553; x_wconf 77' lang='lat' dir='ltr'><strong>quia</strong></span> 
     </span>
     <span class='ocr_line' id='line_1_3' title="bbox 333 574 2080 645; baseline -0.002 -16"><span class='ocrx_word' id='word_1_12' title='bbox 333 580 580 631; x_wconf 77' lang='lat' dir='ltr'><strong>hiemare</strong></span> <span class='ocrx_word' id='word_1_13' title='bbox 603 581 662 631; x_wconf 85' lang='lat' dir='ltr'><strong>in</strong></span> <span class='ocrx_word' id='word_1_14' title='bbox 683 579 946 629; x_wconf 78' lang='lat' dir='ltr'><strong>Armenia</strong></span> <span class='ocrx_word' id='word_1_15' title='bbox 965 578 1208 645; x_wconf 78' lang='lat' dir='ltr'><strong>nolebat,</strong></span> <span class='ocrx_word' id='word_1_16' title='bbox 1231 580 1357 629; x_wconf 87' lang='lat' dir='ltr'><strong>dum</strong></span> <span class='ocrx_word' id='word_1_17' title='bbox 1379 579 1447 629; x_wconf 86' lang='lat' dir='ltr'><strong>ad</strong></span> <span class='ocrx_word' id='word_1_18' title='bbox 1472 574 1815 639; x_wconf 72' lang='lat' dir='ltr'><strong>Cleopatram</strong></span> <span class='ocrx_word' id='word_1_19' title='bbox 1842 578 2080 630; x_wconf 76' lang='lat' dir='ltr'><strong>festinat.</strong></span> 
     </span>
    </p>
   </div>
   <div class='ocr_carea' id='block_1_3' title="bbox 950 743 1475 797">
    <p class='ocr_par' dir='ltr' id='par_1_3' title="bbox 950 743 1475 797">
     <span class='ocr_line' id='line_1_4' title="bbox 950 743 1475 797; baseline 0 -2"><span class='ocrx_word' id='word_1_20' title='bbox 950 746 1186 796; x_wconf 80' lang='lat' dir='ltr'><strong>Liber</strong></span> <span class='ocrx_word' id='word_1_21' title='bbox 1237 743 1475 797; x_wconf 77' lang='lat' dir='ltr'><strong>cxxxi.</strong></span> 
     </span>
    </p>
   </div>
   <div class='ocr_carea' id='block_1_4' title="bbox 236 851 2169 1619">
    <p class='ocr_par' dir='ltr' id='par_1_4' title="bbox 261 851 2128 1005">
     <span class='ocr_line' id='line_1_5' title="bbox 261 851 2085 917; baseline 0.006 -25"><span class='ocrx_word' id='word_1_22' title='bbox 261 854 336 895; x_wconf 77' lang='lat'><strong>719</strong></span> <span class='ocrx_word' id='word_1_23' title='bbox 444 854 571 902; x_wconf 81' lang='lat' dir='ltr'><strong>Sex.</strong></span> <span class='ocrx_word' id='word_1_24' title='bbox 605 852 923 917; x_wconf 82' lang='lat' dir='ltr'><strong>Pompeius,</strong></span> <span class='ocrx_word' id='word_1_25' title='bbox 977 864 1097 902; x_wconf 86' lang='lat' dir='ltr'><strong>eum</strong></span> <span class='ocrx_word' id='word_1_26' title='bbox 1143 853 1202 901; x_wconf 87' lang='lat' dir='ltr'><strong>in</strong></span> <span class='ocrx_word' id='word_1_27' title='bbox 1249 851 1407 901; x_wconf 83' lang='lat' dir='ltr'><strong>fldem</strong></span> <span class='ocrx_word' id='word_1_28' title='bbox 1456 854 1531 901; x_wconf 92' lang='lat' dir='ltr'><strong>M.</strong></span> <span class='ocrx_word' id='word_1_29' title='bbox 1580 853 1806 903; x_wconf 79' lang='lat' dir='ltr'><strong>Antonii</strong></span> <span class='ocrx_word' id='word_1_30' title='bbox 1856 854 2085 915; x_wconf 80' lang='lat' dir='ltr'><strong>veniret,</strong></span> 
     </span>
     <span class='ocr_line' id='line_1_6' title="bbox 339 937 2128 1005; baseline -0.002 -14"><span class='ocrx_word' id='word_1_31' title='bbox 339 940 541 991; x_wconf 83' lang='lat' dir='ltr'><strong>bellum</strong></span> <span class='ocrx_word' id='word_1_32' title='bbox 577 940 840 991; x_wconf 82' lang='lat' dir='ltr'><strong>adversus</strong></span> <span class='ocrx_word' id='word_1_33' title='bbox 873 953 992 991; x_wconf 88' lang='lat' dir='ltr'><strong>eum</strong></span> <span class='ocrx_word' id='word_1_34' title='bbox 1028 943 1083 990; x_wconf 90' lang='lat' dir='ltr'><strong>in</strong></span> <span class='ocrx_word' id='word_1_35' title='bbox 1119 941 1255 991; x_wconf 82' lang='lat' dir='ltr'><strong>Asia</strong></span> <span class='ocrx_word' id='word_1_36' title='bbox 1293 939 1555 1005; x_wconf 90' lang='lat' dir='ltr'><strong>moliens,</strong></span> <span class='ocrx_word' id='word_1_37' title='bbox 1597 952 1892 1004; x_wconf 86' lang='lat' dir='ltr'><strong>oppressus</strong></span> <span class='ocrx_word' id='word_1_38' title='bbox 1926 954 1961 991; x_wconf 88' lang='lat' dir='ltr'><strong>a</strong></span> <span class='ocrx_word' id='word_1_39' title='bbox 1997 937 2128 991; x_wconf 87' lang='lat' dir='ltr'><strong>le-5</strong></span> 
     </span>
    </p>

    <p class='ocr_par' dir='ltr' id='par_1_5' title="bbox 236 1018 2090 1181">
     <span class='ocr_line' id='line_1_7' title="bbox 236 1018 2088 1093; baseline 0.001 -15"><span class='ocrx_word' id='word_1_40' title='bbox 236 1018 244 1027; x_wconf 82' lang='grc'><strong><em>’</em></strong></span> <span class='ocrx_word' id='word_1_41' title='bbox 339 1031 486 1093; x_wconf 82' lang='lat' dir='ltr'><strong>gatis</strong></span> <span class='ocrx_word' id='word_1_42' title='bbox 527 1031 646 1079; x_wconf 86' lang='lat' dir='ltr'><strong>eius</strong></span> <span class='ocrx_word' id='word_1_43' title='bbox 683 1031 898 1079; x_wconf 77' lang='lat' dir='ltr'><strong>occisus</strong></span> <span class='ocrx_word' id='word_1_44' title='bbox 936 1033 1036 1079; x_wconf 88' lang='lat' dir='ltr'><strong>est.</strong></span> <span class='ocrx_word' id='word_1_45' title='bbox 1107 1024 1315 1078; x_wconf 89' lang='lat' dir='ltr'><strong>Caesar</strong></span> <span class='ocrx_word' id='word_1_46' title='bbox 1350 1028 1668 1078; x_wconf 80' lang='lat' dir='ltr'><strong>seditionem</strong></span> <span class='ocrx_word' id='word_1_47' title='bbox 1707 1031 2088 1081; x_wconf 83' lang='lat' dir='ltr'><strong>veteranorum</strong></span> 
     </span>
     <span class='ocr_line' id='line_1_8' title="bbox 339 1116 2090 1181; baseline 0 -14"><span class='ocrx_word' id='word_1_48' title='bbox 339 1129 462 1167; x_wconf 83' lang='lat' dir='ltr'><strong>eum</strong></span> <span class='ocrx_word' id='word_1_49' title='bbox 497 1130 694 1181; x_wconf 84' lang='lat' dir='ltr'><strong>magna</strong></span> <span class='ocrx_word' id='word_1_50' title='bbox 736 1119 983 1179; x_wconf 80' lang='lat' dir='ltr'><strong>pernicie</strong></span> <span class='ocrx_word' id='word_1_51' title='bbox 1029 1121 1233 1167; x_wconf 83' lang='lat' dir='ltr'><strong>motam</strong></span> <span class='ocrx_word' id='word_1_52' title='bbox 1272 1118 1501 1167; x_wconf 82' lang='lat' dir='ltr'><strong>inhibuit</strong></span> <span class='ocrx_word' id='word_1_53' title='bbox 1514 1130 1533 1179; x_wconf 83' lang='lat'>3</span> <span class='ocrx_word' id='word_1_54' title='bbox 1586 1117 1825 1180; x_wconf 78' lang='lat' dir='ltr'><strong>Iapydas</strong></span> <span class='ocrx_word' id='word_1_55' title='bbox 1864 1121 1919 1167; x_wconf 87' lang='lat' dir='ltr'><strong>et</strong></span> <span class='ocrx_word' id='word_1_56' title='bbox 1954 1116 2090 1167; x_wconf 88' lang='lat' dir='ltr'><strong>Dal—</strong></span> 
     </span>
    </p>

    <p class='ocr_par' dir='ltr' id='par_1_6' title="bbox 264 1205 2169 1619">
     <span class='ocr_line' id='line_1_9' title="bbox 264 1205 2090 1269; baseline 0.002 -18"><span class='ocrx_word' id='word_1_57' title='bbox 264 1208 514 1255; x_wconf 74' lang='lat' dir='ltr'><strong>mmatas</strong></span> <span class='ocrx_word' id='word_1_58' title='bbox 550 1210 608 1257; x_wconf 89' lang='lat' dir='ltr'><strong>et</strong></span> <span class='ocrx_word' id='word_1_59' title='bbox 640 1206 948 1256; x_wconf 88' lang='lat' dir='ltr'><strong>Pannonios</strong></span> <span class='ocrx_word' id='word_1_60' title='bbox 986 1206 1217 1269; x_wconf 81' lang='lat' dir='ltr'><strong>subegit.</strong></span> <span class='ocrx_word' id='word_1_61' title='bbox 1290 1206 1563 1256; x_wconf 82' lang='lat' dir='ltr'><strong>Antonius</strong></span> <span class='ocrx_word' id='word_1_62' title='bbox 1592 1205 1955 1255; x_wconf 83' lang='lat' dir='ltr'><strong>Artavasdem</strong></span> <span class='ocrx_word' id='word_1_63' title='bbox 1980 1206 2090 1255; x_wconf 81' lang='lat' dir='ltr'><strong>Ar—</strong></span> 
     </span>
     <span class='ocr_line' id='line_1_10' title="bbox 338 1293 2092 1358; baseline -0.001 -14"><span class='ocrx_word' id='word_1_64' title='bbox 338 1295 552 1344; x_wconf 90' lang='lat' dir='ltr'><strong>meniae</strong></span> <span class='ocrx_word' id='word_1_65' title='bbox 587 1307 774 1358; x_wconf 85' lang='lat' dir='ltr'><strong>regem</strong></span> <span class='ocrx_word' id='word_1_66' title='bbox 795 1330 810 1357; x_wconf 97' lang='lat'>‚</span> <span class='ocrx_word' id='word_1_67' title='bbox 849 1293 954 1343; x_wconf 83' lang='lat' dir='ltr'><strong>fide</strong></span> <span class='ocrx_word' id='word_1_68' title='bbox 990 1296 1119 1343; x_wconf 90' lang='lat' dir='ltr'><strong>data</strong></span> <span class='ocrx_word' id='word_1_69' title='bbox 1153 1294 1506 1358; x_wconf 87' lang='lat' dir='ltr'><strong>perductum,</strong></span> <span class='ocrx_word' id='word_1_70' title='bbox 1542 1296 1598 1345; x_wconf 90' lang='lat' dir='ltr'><strong>in</strong></span> <span class='ocrx_word' id='word_1_71' title='bbox 1640 1294 1863 1345; x_wconf 82' lang='lat' dir='ltr'><strong>vincula</strong></span> <span class='ocrx_word' id='word_1_72' title='bbox 1894 1295 2092 1344; x_wconf 85' lang='lat' dir='ltr'><strong>coniici</strong></span> 
     </span>
     <span class='ocr_line' id='line_1_11' title="bbox 338 1372 2169 1449; baseline 0 -20"><span class='ocrx_word' id='word_1_73' title='bbox 338 1384 513 1449; x_wconf 87' lang='lat' dir='ltr'><strong>iussit,</strong></span> <span class='ocrx_word' id='word_1_74' title='bbox 555 1394 892 1447; x_wconf 83' lang='lat' dir='ltr'><strong>regnumque</strong></span> <span class='ocrx_word' id='word_1_75' title='bbox 917 1384 1208 1432; x_wconf 80' lang='lat' dir='ltr'><strong>Armeniae</strong></span> <span class='ocrx_word' id='word_1_76' title='bbox 1241 1372 1356 1431; x_wconf 78' lang='lat' dir='ltr'><strong>filio</strong></span> <span class='ocrx_word' id='word_1_77' title='bbox 1394 1394 1506 1432; x_wconf 89' lang='lat' dir='ltr'><strong>suo.</strong></span> <span class='ocrx_word' id='word_1_78' title='bbox 1532 1396 1601 1431; x_wconf 87' lang='lat' dir='ltr'><strong>ex</strong></span> <span class='ocrx_word' id='word_1_79' title='bbox 1630 1380 1925 1443; x_wconf 77' lang='lat' dir='ltr'><strong>Cleopatra</strong></span> <span class='ocrx_word' id='word_1_80' title='bbox 1959 1384 2087 1432; x_wconf 88' lang='lat' dir='ltr'><strong>nato</strong></span> <span class='ocrx_word' id='word_1_81' title='bbox 2106 1378 2169 1429; x_wconf 86' lang='lat'><strong>10</strong></span> 
     </span>
     <span class='ocr_line' id='line_1_12' title="bbox 342 1469 2092 1534; baseline 0.001 -16"><span class='ocrx_word' id='word_1_82' title='bbox 342 1470 506 1532; x_wconf 83' lang='lat' dir='ltr'><strong>dedit,</strong></span> <span class='ocrx_word' id='word_1_83' title='bbox 547 1483 704 1532; x_wconf 85' lang='lat' dir='ltr'><strong>quam</strong></span> <span class='ocrx_word' id='word_1_84' title='bbox 742 1472 928 1520; x_wconf 86' lang='lat' dir='ltr'><strong>uxoris</strong></span> <span class='ocrx_word' id='word_1_85' title='bbox 962 1470 1108 1534; x_wconf 84' lang='lat' dir='ltr'><strong>loco,</strong></span> <span class='ocrx_word' id='word_1_86' title='bbox 1148 1472 1260 1521; x_wconf 88' lang='lat' dir='ltr'><strong>iam</strong></span> <span class='ocrx_word' id='word_1_87' title='bbox 1293 1469 1509 1532; x_wconf 83' lang='lat' dir='ltr'><strong>pridem</strong></span> <span class='ocrx_word' id='word_1_88' title='bbox 1534 1473 1729 1533; x_wconf 82' lang='lat' dir='ltr'><strong>captus</strong></span> <span class='ocrx_word' id='word_1_89' title='bbox 1750 1481 1935 1521; x_wconf 88' lang='lat' dir='ltr'><strong>amore</strong></span> <span class='ocrx_word' id='word_1_90' title='bbox 1958 1471 2092 1533; x_wconf 88' lang='lat' dir='ltr'><strong>eius,</strong></span> 
     </span>
     <span class='ocr_line' id='line_1_13' title="bbox 340 1558 851 1619; baseline 0.004 -14"><span class='ocrx_word' id='word_1_91' title='bbox 340 1558 540 1608; x_wconf 81' lang='lat' dir='ltr'><strong>babere</strong></span> <span class='ocrx_word' id='word_1_92' title='bbox 577 1561 851 1619; x_wconf 82' lang='lat' dir='ltr'><strong>coeperat.</strong></span> 
     </span>
    </p>
   </div>
   <div class='ocr_carea' id='block_1_5' title="bbox 939 1714 1497 1767">
    <p class='ocr_par' dir='ltr' id='par_1_7' title="bbox 939 1714 1497 1767">
     <span class='ocr_line' id='line_1_14' title="bbox 939 1714 1497 1767; baseline -0.002 -2"><span class='ocrx_word' id='word_1_93' title='bbox 939 1716 1178 1767; x_wconf 79' lang='lat' dir='ltr'><strong>Liber</strong></span> <span class='ocrx_word' id='word_1_94' title='bbox 1235 1714 1497 1765; x_wconf 80' lang='lat' dir='ltr'><strong>CXXXII.</strong></span> 
     </span>
    </p>
   </div>
   <div class='ocr_carea' id='block_1_6' title="bbox 274 1838 2175 2687">
    <p class='ocr_par' dir='ltr' id='par_1_8' title="bbox 345 1838 2166 2347">
     <span class='ocr_line' id='line_1_15' title="bbox 451 1838 2095 1904; baseline 0 -15"><span class='ocrx_word' id='word_1_95' title='bbox 451 1838 661 1892; x_wconf 88' lang='lat' dir='ltr'><strong>Caesar</strong></span> <span class='ocrx_word' id='word_1_96' title='bbox 711 1844 766 1891; x_wconf 90' lang='lat' dir='ltr'><strong>in</strong></span> <span class='ocrx_word' id='word_1_97' title='bbox 813 1840 1046 1904; x_wconf 84' lang='lat' dir='ltr'><strong>Illyrico</strong></span> <span class='ocrx_word' id='word_1_98' title='bbox 1081 1842 1367 1892; x_wconf 84' lang='lat' dir='ltr'><strong>Dalmatas</strong></span> <span class='ocrx_word' id='word_1_99' title='bbox 1418 1842 1637 1891; x_wconf 82' lang='lat' dir='ltr'><strong>domuit.</strong></span> <span class='ocrx_word' id='word_1_100' title='bbox 1706 1838 1837 1890; x_wconf 89' lang='lat' dir='ltr'><strong>Cum</strong></span> <span class='ocrx_word' id='word_1_101' title='bbox 1870 1844 1944 1891; x_wconf 89' lang='grc' dir='ltr'><strong>Μ.</strong></span> <span class='ocrx_word' id='word_1_102' title='bbox 1980 1842 2095 1889; x_wconf 80' lang='lat' dir='ltr'><strong>An·-</strong></span> 
     </span>
     <span class='ocr_line' id='line_1_16' title="bbox 349 1926 2166 1997; baseline 0.001 -19"><span class='ocrx_word' id='word_1_103' title='bbox 349 1930 530 1979; x_wconf 80' lang='lat' dir='ltr'><strong>tonius</strong></span> <span class='ocrx_word' id='word_1_104' title='bbox 566 1931 634 1981; x_wconf 90' lang='lat' dir='ltr'><strong>ob</strong></span> <span class='ocrx_word' id='word_1_105' title='bbox 674 1943 918 1981; x_wconf 86' lang='lat' dir='ltr'><strong>amorem</strong></span> <span class='ocrx_word' id='word_1_106' title='bbox 956 1926 1312 1997; x_wconf 82' lang='lat' dir='ltr'><strong>Cleopatrae,</strong></span> <span class='ocrx_word' id='word_1_107' title='bbox 1362 1944 1431 1981; x_wconf 88' lang='lat' dir='ltr'><strong>ex</strong></span> <span class='ocrx_word' id='word_1_108' title='bbox 1483 1942 1593 1996; x_wconf 86' lang='lat' dir='ltr'><strong>qua</strong></span> <span class='ocrx_word' id='word_1_109' title='bbox 1636 1927 1772 1979; x_wconf 86' lang='lat' dir='ltr'><strong>duos</strong></span> <span class='ocrx_word' id='word_1_110' title='bbox 1820 1929 1964 1979; x_wconf 85' lang='lat' dir='ltr'><strong>filios</strong></span> <span class='ocrx_word' id='word_1_111' title='bbox 2000 1929 2166 1980; x_wconf 76' lang='lat' dir='ltr'><strong>lia-15</strong></span> 
     </span>
     <span class='ocr_line' id='line_1_17' title="bbox 349 2019 2097 2085; baseline -0.001 -18"><span class='ocrx_word' id='word_1_112' title='bbox 349 2019 538 2081; x_wconf 86' lang='lat' dir='ltr'><strong>bebat,</strong></span> <span class='ocrx_word' id='word_1_113' title='bbox 594 2019 1007 2082; x_wconf 80' lang='lat' dir='ltr'><strong>Philadelphum</strong></span> <span class='ocrx_word' id='word_1_114' title='bbox 1051 2024 1106 2070; x_wconf 91' lang='lat' dir='ltr'><strong>et</strong></span> <span class='ocrx_word' id='word_1_115' title='bbox 1142 2020 1546 2085; x_wconf 82' lang='lat' dir='ltr'><strong>Alexandrum,</strong></span> <span class='ocrx_word' id='word_1_116' title='bbox 1592 2031 1773 2082; x_wconf 90' lang='lat' dir='ltr'><strong>neque</strong></span> <span class='ocrx_word' id='word_1_117' title='bbox 1806 2021 1863 2068; x_wconf 84' lang='lat' dir='ltr'><strong>in</strong></span> <span class='ocrx_word' id='word_1_118' title='bbox 1907 2020 2097 2069; x_wconf 90' lang='lat' dir='ltr'><strong>urbem</strong></span> 
     </span>
     <span class='ocr_line' id='line_1_18' title="bbox 349 2107 2097 2170; baseline 0.001 -16"><span class='ocrx_word' id='word_1_119' title='bbox 349 2107 543 2156; x_wconf 87' lang='lat' dir='ltr'><strong>venire</strong></span> <span class='ocrx_word' id='word_1_120' title='bbox 589 2107 763 2157; x_wconf 87' lang='lat' dir='ltr'><strong>vellet</strong></span> <span class='ocrx_word' id='word_1_121' title='bbox 813 2120 986 2168; x_wconf 88' lang='lat' dir='ltr'><strong>neque</strong></span> <span class='ocrx_word' id='word_1_122' title='bbox 1032 2108 1182 2158; x_wconf 83' lang='lat' dir='ltr'><strong>finito</strong></span> <span class='ocrx_word' id='word_1_123' title='bbox 1233 2110 1607 2158; x_wconf 85' lang='lat' dir='ltr'><strong>triumviratus</strong></span> <span class='ocrx_word' id='word_1_124' title='bbox 1643 2112 1887 2170; x_wconf 88' lang='lat' dir='ltr'><strong>tempore</strong></span> <span class='ocrx_word' id='word_1_125' title='bbox 1921 2109 2097 2168; x_wconf 88' lang='lat' dir='ltr'><strong>impe-</strong></span> 
     </span>
     <span class='ocr_line' id='line_1_19' title="bbox 349 2194 2097 2264; baseline 0.002 -22"><span class='ocrx_word' id='word_1_126' title='bbox 349 2195 488 2244; x_wconf 88' lang='lat' dir='ltr'><strong>rium</strong></span> <span class='ocrx_word' id='word_1_127' title='bbox 526 2194 827 2263; x_wconf 83' lang='lat' dir='ltr'><strong>deponere,</strong></span> <span class='ocrx_word' id='word_1_128' title='bbox 863 2196 1168 2259; x_wconf 84' lang='lat' dir='ltr'><strong>bellumque</strong></span> <span class='ocrx_word' id='word_1_129' title='bbox 1205 2197 1519 2264; x_wconf 86' lang='lat' dir='ltr'><strong>moliretur,</strong></span> <span class='ocrx_word' id='word_1_130' title='bbox 1555 2194 1698 2258; x_wconf 89' lang='lat' dir='ltr'><strong>quod</strong></span> <span class='ocrx_word' id='word_1_131' title='bbox 1736 2197 1857 2246; x_wconf 86' lang='lat' dir='ltr'><strong>urbi</strong></span> <span class='ocrx_word' id='word_1_132' title='bbox 1890 2200 1947 2245; x_wconf 83' lang='lat' dir='ltr'><strong>et</strong></span> <span class='ocrx_word' id='word_1_133' title='bbox 1981 2197 2097 2245; x_wconf 83' lang='lat' dir='ltr'><strong>Ita-</strong></span> 
     </span>
     <span class='ocr_line' id='line_1_20' title="bbox 345 2283 2099 2347; baseline 0.001 -17"><span class='ocrx_word' id='word_1_134' title='bbox 345 2283 459 2332; x_wconf 89' lang='lat' dir='ltr'><strong>liae</strong></span> <span class='ocrx_word' id='word_1_135' title='bbox 494 2283 750 2346; x_wconf 81' lang='lat' dir='ltr'><strong>inferret,</strong></span> <span class='ocrx_word' id='word_1_136' title='bbox 789 2286 1102 2347; x_wconf 82' lang='lat' dir='ltr'><strong>ingentibus</strong></span> <span class='ocrx_word' id='word_1_137' title='bbox 1141 2289 1249 2334; x_wconf 88' lang='lat' dir='ltr'><strong>tam</strong></span> <span class='ocrx_word' id='word_1_138' title='bbox 1290 2286 1579 2335; x_wconf 62' lang='lat' dir='ltr'><strong>navalibus</strong></span> <span class='ocrx_word' id='word_1_139' title='bbox 1617 2297 1782 2346; x_wconf 88' lang='lat' dir='ltr'><strong>quam</strong></span> <span class='ocrx_word' id='word_1_140' title='bbox 1819 2285 2099 2333; x_wconf 78' lang='lat' dir='ltr'><strong>terrestri-</strong></span> 
     </span>
    </p>

    <p class='ocr_par' dir='ltr' id='par_1_9' title="bbox 274 2370 2175 2687">
     <span class='ocr_line' id='line_1_21' title="bbox 274 2370 2175 2435; baseline 0 -14"><span class='ocrx_word' id='word_1_141' title='bbox 274 2372 448 2427; x_wconf 83' lang='lat' dir='ltr'><strong>722bus</strong></span> <span class='ocrx_word' id='word_1_142' title='bbox 491 2373 666 2432; x_wconf 85' lang='lat' dir='ltr'><strong>copiis</strong></span> <span class='ocrx_word' id='word_1_143' title='bbox 703 2373 770 2422; x_wconf 92' lang='lat' dir='ltr'><strong>ob</strong></span> <span class='ocrx_word' id='word_1_144' title='bbox 807 2373 911 2420; x_wconf 84' lang='lat' dir='ltr'><strong>hoc</strong></span> <span class='ocrx_word' id='word_1_145' title='bbox 947 2375 1278 2435; x_wconf 82' lang='lat' dir='ltr'><strong>contractis,</strong></span> <span class='ocrx_word' id='word_1_146' title='bbox 1327 2373 1666 2432; x_wconf 83' lang='lat' dir='ltr'><strong>remissoque</strong></span> <span class='ocrx_word' id='word_1_147' title='bbox 1703 2370 1967 2420; x_wconf 87' lang='lat' dir='ltr'><strong>Octaviae</strong></span> <span class='ocrx_word' id='word_1_148' title='bbox 2002 2371 2175 2421; x_wconf 83' lang='lat' dir='ltr'><strong>so-20</strong></span> 
     </span>
     <span class='ocr_line' id='line_1_22' title="bbox 349 2457 2100 2527; baseline -0.001 -17"><span class='ocrx_word' id='word_1_149' title='bbox 349 2460 468 2510; x_wconf 88' lang='lat' dir='ltr'><strong>rori</strong></span> <span class='ocrx_word' id='word_1_150' title='bbox 503 2457 760 2509; x_wconf 85' lang='lat' dir='ltr'><strong>Caesaris</strong></span> <span class='ocrx_word' id='word_1_151' title='bbox 797 2459 1058 2527; x_wconf 88' lang='lat' dir='ltr'><strong>repudio,</strong></span> <span class='ocrx_word' id='word_1_152' title='bbox 1099 2459 1307 2510; x_wconf 87' lang='lat' dir='ltr'><strong>Caesar</strong></span> <span class='ocrx_word' id='word_1_153' title='bbox 1339 2460 1395 2509; x_wconf 91' lang='lat' dir='ltr'><strong>in</strong></span> <span class='ocrx_word' id='word_1_154' title='bbox 1432 2459 1658 2522; x_wconf 87' lang='lat' dir='ltr'><strong>Epirum</strong></span> <span class='ocrx_word' id='word_1_155' title='bbox 1696 2470 1815 2525; x_wconf 85' lang='lat' dir='ltr'><strong>cum</strong></span> <span class='ocrx_word' id='word_1_156' title='bbox 1850 2461 2100 2510; x_wconf 86' lang='lat' dir='ltr'><strong>exercitu</strong></span> 
     </span>
     <span class='ocr_line' id='line_1_23' title="bbox 353 2547 2101 2610; baseline 0.001 -13"><span class='ocrx_word' id='word_1_157' title='bbox 353 2549 588 2598; x_wconf 83' lang='lat' dir='ltr'><strong>traiecit.</strong></span> <span class='ocrx_word' id='word_1_158' title='bbox 670 2548 891 2610; x_wconf 84' lang='lat' dir='ltr'><strong>Pugnae</strong></span> <span class='ocrx_word' id='word_1_159' title='bbox 938 2547 1134 2598; x_wconf 89' lang='lat' dir='ltr'><strong>deinde</strong></span> <span class='ocrx_word' id='word_1_160' title='bbox 1180 2548 1409 2598; x_wconf 85' lang='lat' dir='ltr'><strong>navales</strong></span> <span class='ocrx_word' id='word_1_161' title='bbox 1460 2551 1517 2598; x_wconf 89' lang='lat' dir='ltr'><strong>et</strong></span> <span class='ocrx_word' id='word_1_162' title='bbox 1562 2547 1773 2609; x_wconf 87' lang='lat' dir='ltr'><strong>proelia</strong></span> <span class='ocrx_word' id='word_1_163' title='bbox 1824 2548 2101 2609; x_wconf 80' lang='lat' dir='ltr'><strong>equestria</strong></span> 
     </span>
     <span class='ocr_line' id='line_1_24' title="bbox 351 2633 1244 2687; baseline 0 -2"><span class='ocrx_word' id='word_1_164' title='bbox 351 2637 592 2686; x_wconf 81' lang='lat' dir='ltr'><strong>secunda</strong></span> <span class='ocrx_word' id='word_1_165' title='bbox 629 2633 882 2686; x_wconf 84' lang='lat' dir='ltr'><strong>Caesaris</strong></span> <span class='ocrx_word' id='word_1_166' title='bbox 914 2637 1244 2687; x_wconf 79' lang='lat' dir='ltr'><strong>referuntur.</strong></span> 
     </span>
    </p>
   </div>
   <div class='ocr_carea' id='block_1_7' title="bbox 941 2803 1513 2857">
    <p class='ocr_par' dir='ltr' id='par_1_10' title="bbox 941 2803 1513 2857">
     <span class='ocr_line' id='line_1_25' title="bbox 941 2803 1513 2857; baseline 0.002 -4"><span class='ocrx_word' id='word_1_167' title='bbox 941 2805 988 2853; x_wconf 73' lang='lat' dir='ltr'><strong>Ia</strong></span> <span class='ocrx_word' id='word_1_168' title='bbox 1003 2805 1026 2852; x_wconf 87' lang='lat' dir='ltr'><strong>i</strong></span> <span class='ocrx_word' id='word_1_169' title='bbox 1048 2807 1080 2857; x_wconf 88' lang='lat' dir='ltr'><strong>b</strong></span> <span class='ocrx_word' id='word_1_170' title='bbox 1097 2816 1132 2854; x_wconf 81' lang='lat' dir='ltr'><strong>e</strong></span> <span class='ocrx_word' id='word_1_171' title='bbox 1147 2817 1178 2854; x_wconf 82' lang='grc' dir='ltr'><strong>ι·</strong></span> <span class='ocrx_word' id='word_1_172' title='bbox 1227 2803 1513 2854; x_wconf 81' lang='lat' dir='ltr'><strong>cxxxm.</strong></span> 
     </span>
    </p>
   </div>
   <div class='ocr_carea' id='block_1_8' title="bbox 275 2907 2174 3174">
    <p class='ocr_par' dir='ltr' id='par_1_11' title="bbox 275 2907 2174 3174">
     <span class='ocr_line' id='line_1_26' title="bbox 275 2907 2174 3000; baseline -0.002 -22"><span class='ocrx_word' id='word_1_173' title='bbox 275 2950 351 2990; x_wconf 79' lang='lat'><strong>72³</strong></span> <span class='ocrx_word' id='word_1_174' title='bbox 453 2931 528 2978; x_wconf 91' lang='lat' dir='ltr'><strong>M.</strong></span> <span class='ocrx_word' id='word_1_175' title='bbox 568 2929 839 2980; x_wconf 80' lang='lat' dir='ltr'><strong>Antonius</strong></span> <span class='ocrx_word' id='word_1_176' title='bbox 883 2929 952 3000; x_wconf 75' lang='lat' dir='ltr'><strong>ad</strong></span> <span class='ocrx_word' id='word_1_177' title='bbox 987 2931 1208 2980; x_wconf 80' lang='lat' dir='ltr'><strong>Actium</strong></span> <span class='ocrx_word' id='word_1_178' title='bbox 1258 2931 1439 3000; x_wconf 86' lang='lat' dir='ltr'><strong>classe</strong></span> <span class='ocrx_word' id='word_1_179' title='bbox 1477 2930 1659 2980; x_wconf 86' lang='lat' dir='ltr'><strong>victus</strong></span> <span class='ocrx_word' id='word_1_180' title='bbox 1698 2907 2174 2978; x_wconf 48' lang='lat' dir='ltr'><strong>Alexandre&#39;am25</strong></span> 
     </span>
     <span class='ocr_line' id='line_1_27' title="bbox 351 3015 2099 3082; baseline -0.001 -15"><span class='ocrx_word' id='word_1_181' title='bbox 351 3017 630 3082; x_wconf 73' lang='lat' dir='ltr'><strong>profugit3</strong></span> <span class='ocrx_word' id='word_1_182' title='bbox 685 3020 1044 3082; x_wconf 79' lang='lat' dir='ltr'><strong>obsessusque</strong></span> <span class='ocrx_word' id='word_1_183' title='bbox 1089 3031 1124 3068; x_wconf 88' lang='lat' dir='ltr'><strong>a</strong></span> <span class='ocrx_word' id='word_1_184' title='bbox 1162 3016 1400 3068; x_wconf 88' lang='lat' dir='ltr'><strong>Caesare</strong></span> <span class='ocrx_word' id='word_1_185' title='bbox 1441 3020 1501 3068; x_wconf 89' lang='lat' dir='ltr'><strong>in</strong></span> <span class='ocrx_word' id='word_1_186' title='bbox 1547 3017 1739 3068; x_wconf 85' lang='lat' dir='ltr'><strong>ultima</strong></span> <span class='ocrx_word' id='word_1_187' title='bbox 1782 3029 1965 3067; x_wconf 84' lang='lat' dir='ltr'><strong>rerum</strong></span> <span class='ocrx_word' id='word_1_188' title='bbox 1999 3015 2099 3065; x_wconf 91' lang='lat' dir='ltr'><strong>de-</strong></span> 
     </span>
     <span class='ocr_line' id='line_1_28' title="bbox 351 3104 2099 3174; baseline -0.001 -20"><span class='ocrx_word' id='word_1_189' title='bbox 351 3109 689 3174; x_wconf 86' lang='lat' dir='ltr'><strong>speratione,</strong></span> <span class='ocrx_word' id='word_1_190' title='bbox 735 3107 1029 3170; x_wconf 82' lang='lat' dir='ltr'><strong>praecipue</strong></span> <span class='ocrx_word' id='word_1_191' title='bbox 1077 3107 1297 3156; x_wconf 83' lang='lat' dir='ltr'><strong>oecisae</strong></span> <span class='ocrx_word' id='word_1_192' title='bbox 1334 3104 1664 3170; x_wconf 79' lang='lat' dir='ltr'><strong>Cleopatrae</strong></span> <span class='ocrx_word' id='word_1_193' title='bbox 1701 3104 1847 3158; x_wconf 77' lang='lat' dir='ltr'><strong>falso</strong></span> <span class='ocrx_word' id='word_1_194' title='bbox 1882 3114 2099 3156; x_wconf 70' lang='lat' dir='ltr'><strong>rumore</strong></span> 
     </span>
    </p>
   </div>
   <div class='ocr_carea' id='block_1_9' title="bbox 351 3247 740 3260">
    <p class='ocr_par' dir='ltr' id='par_1_12' title="bbox 351 3247 740 3260">
     <span class='ocr_line' id='line_1_29' title="bbox 351 3247 740 3260; baseline 0 0"><span class='ocrx_word' id='word_1_195' title='bbox 351 3247 740 3260; x_wconf 95' lang='lat' dir='ltr'><strong> </strong></span> 
     </span>
    </p>
   </div>
   <div class='ocr_carea' id='block_1_10' title="bbox 453 3337 1381 3390">
    <p class='ocr_par' dir='ltr' id='par_1_13' title="bbox 453 3337 1381 3390">
     <span class='ocr_line' id='line_1_30' title="bbox 453 3337 1381 3390; baseline 0 -12"><span class='ocrx_word' id='word_1_196' title='bbox 453 3338 492 3378; x_wconf 71' lang='grc'><strong>4.</strong></span> <span class='ocrx_word' id='word_1_197' title='bbox 529 3337 700 3390; x_wconf 70' lang='lat' dir='ltr'><strong>mir-ee]</strong></span> <span class='ocrx_word' id='word_1_198' title='bbox 737 3340 908 3378; x_wconf 67' lang='lat' dir='ltr'><strong>unisone</strong></span> <span class='ocrx_word' id='word_1_199' title='bbox 939 3339 1098 3382; x_wconf 69' lang='lat' dir='ltr'><strong>mavolt</strong></span> <span class='ocrx_word' id='word_1_200' title='bbox 1132 3337 1381 3380; x_wconf 73' lang='lat' dir='ltr'><strong>Gronovius.</strong></span> 
     </span>
    </p>
   </div>
   <div class='ocr_carea' id='block_1_11' title="bbox 2506 2921 2508 3591">
    <p class='ocr_par' dir='ltr' id='par_1_14' title="bbox 2506 2921 2508 3591">
     <span class='ocr_line' id='line_1_31' title="bbox 2506 2921 2508 3591; baseline 0 0"><span class='ocrx_word' id='word_1_201' title='bbox 2506 2921 2508 3591; x_wconf 95' lang='lat' dir='ltr'><strong> </strong></span> 
     </span>
    </p>
   </div>
  </div>
 </body>
</html>
