2525 3925
585 285 660 336 w
1127 279 1186 334 C.
1223 273 1525 336 SALUS‘H
1557 280 1786 335 clusm

588 434 764 498 erant,
795 430 1002 482 Mauris
1023 430 1276 482 omnihus
1312 443 1410 480 rex
1446 431 1689 480 Bocchus
1712 431 2077 496 imperitabat,
2106 431 2344 492 praeter

588 533 783 570 nomen
830 521 1016 570 cetera
1059 520 1284 582 ignarus
1336 518 1517 581 populi
1565 519 1823 582 Romani,
1879 519 2115 580 itemque
2169 519 2341 569 nobis

587 620 759 670 neque
796 607 942 658 hello
981 620 1158 669 neque
1192 619 1328 669 pace
1374 609 1535 655 antea
1584 607 1850 668 cognitus.
1920 607 2002 656 De
2038 605 2236 656 Africa
2278 609 2337 655 et

587 699 704 746 eius
741 696 938 762 incolis
975 697 1046 746 ad
1083 697 1537 747 necessitudinem
1571 697 1654 746 rei
1690 695 1827 744 satis
1864 694 2085 744 dictum.

544 785 576 834 5
693 784 788 834 20.
822 785 1127 850 Postquam,
1164 785 1341 834 diviso
1375 795 1567 848 regno,
1602 784 1773 847 legati
1797 784 1991 833 Africa
2021 785 2335 848 decessere,

583 878 640 924 et
699 876 960 936 Iugurtha
1022 877 1213 924 contra
1272 874 1519 923 timorem
1577 873 1742 922 animi
1801 873 2038 934 praemia
2095 871 2335 922 sceleris

583 943 832 1022 adeptum
869 973 992 1011 sese
1024 961 1194 1027 videt,
1231 964 1439 1012 certum
1475 967 1642 1024 ratus,
1678 960 1817 1023 quod
1856 973 1923 1010 ex
1956 963 2147 1010 amicis
2184 962 2333 1024 apud

582 1051 920 1118 Numantiam
955 1052 1262 1114 acceperat,
1299 1051 1485 1100 omnia
1504 1051 1709 1100 Romae
1736 1049 1956 1104 venalia
1988 1062 2127 1112 esse,
2162 1047 2333 1098 simul

583 1141 639 1186 et
675 1136 892 1188 illorum
927 1137 1409 1200 pollicitationibus
1448 1150 1739 1201 accensus,
1794 1149 1929 1200 quos
1971 1137 2159 1199 paullo
2195 1141 2332 1186 ante

507 1231 573 1282 10
587 1228 893 1278 muneribus
937 1226 1285 1290 expleverat,
1339 1229 1396 1275 in
1443 1238 1669 1290 regnum
1709 1224 2031 1276 Adherbalis
2080 1227 2331 1275 animum

579 1315 824 1364 intendit.
896 1317 1018 1376 Ipse
1071 1327 1226 1380 acer,
1274 1311 1599 1379 bellicosus3
1656 1317 1715 1364 at
1762 1315 1839 1378 is,
1894 1325 2048 1376 quem
2084 1315 2331 1382 petebat,

582 1404 820 1466 quietus,
856 1401 1107 1470 inbellis,
1156 1403 1371 1466 placido
1406 1405 1662 1470 ingenio,
1708 1407 2038 1465 opportunus
2072 1402 2328 1466 iniuriae,

579 1493 824 1541 metuens
869 1492 1042 1554 magis
1090 1503 1249 1554 quam
1302 1490 1633 1541 metuendus.
1702 1493 1878 1554 Igitur
1920 1503 1988 1540 ex
2038 1491 2327 1552 inproviso

580 1577 701 1628 finis
737 1582 853 1630 eius
903 1593 1023 1630 cum
1074 1591 1273 1642 magna
1323 1592 1482 1629 manu
1526 1579 1738 1630 invadit
1750 1593 1771 1643 3
1826 1579 2023 1629 multos
2070 1576 2325 1628 mortalis

505 1668 568 1720 15
585 1679 703 1718 cum
741 1679 944 1729 pecore
979 1672 1145 1731 atque
1177 1667 1291 1719 alia
1326 1670 1531 1731 praeda
1562 1671 1738 1733 capit,
1778 1667 2028 1718 aedificia
2061 1667 2326 1734 incendit,

571 1756 840 1818 pleraque
885 1756 1010 1806 loca
1055 1757 1331 1809 hostiliter
1377 1770 1496 1808 cum
1542 1759 1787 1820 equitatu
1829 1757 2073 1822 accedit,
2127 1755 2324 1807 deinde

577 1857 698 1897 cum
723 1846 866 1896 omni
891 1845 1233 1896 multitudine
1269 1848 1326 1896 in
1350 1858 1575 1909 regnum
1600 1857 1753 1896 suum
1779 1846 2077 1910 convortit,
2109 1845 2323 1894 existu-

572 1945 726 1983 mans
762 1932 954 1984 dolore
987 1937 1285 1997 permotum
1321 1933 1680 1985 Adherbalem
1715 1934 1943 1985 iniurias
1992 1945 2121 1984 suas
2156 1945 2321 1984 manu

576 2023 1006 2089 vindicaturum,
1047 2034 1273 2085 eamque
1309 2036 1422 2074 rem
1458 2022 1589 2073 belli
1626 2036 1843 2074 causam
1882 2024 2019 2093 fore.
2092 2025 2166 2071 At
2200 2022 2319 2085 illc,

499 2106 720 2171 wquod
775 2122 953 2171 neque
999 2122 1060 2159 se
1124 2124 1309 2173 parem
1354 2114 1521 2163 armis
1569 2112 1927 2162 existumabat
1970 2115 2028 2160 et
2074 2112 2321 2161 amicitia

571 2198 758 2261 populi
790 2200 1020 2248 Romani
1053 2201 1229 2262 magis
1265 2212 1420 2261 quam
1446 2200 1689 2251 Numidis
1716 2200 1890 2251 fretus
1913 2204 2065 2267 erat,
2099 2200 2319 2265 legatos

569 2287 640 2335 ad
683 2288 998 2351 Iugurtham
1047 2288 1113 2337 de
1159 2288 1375 2337 iniuriis
1422 2294 1665 2351 questum
1714 2290 1892 2353 misit3
1948 2289 2039 2352 qui
2095 2290 2319 2339 tametsi

572 2374 966 2425 contumeliosa
1001 2377 1150 2425 dicta
1183 2376 1541 2445 rettulerant,
1579 2378 1729 2441 prius
1767 2380 1949 2427 tamen
1985 2378 2167 2427 omnia
2202 2378 2317 2439 pau

570 2462 819 2512 decrevit
863 2474 1022 2525 quam
1067 2462 1271 2515 bellum
1316 2476 1559 2529 sumere,
1614 2465 1743 2526 quia
1792 2467 2103 2527 temptatum
2150 2468 2317 2517 antea

491 2549 732 2603 25secus
765 2556 1026 2601 cesserat.
1095 2554 1285 2615 Neque
1326 2565 1393 2603 eo
1434 2555 1609 2616 magis
1644 2554 1841 2615 cupido
1878 2555 2172 2617 Iugurthae
2210 2555 2314 2605 mi-

563 2640 860 2704 nuebatur,
913 2642 1114 2703 quippe
1159 2642 1252 2703 qui
1301 2644 1469 2691 totum
1514 2643 1634 2691 eius
1684 2654 1910 2705 regnum
1962 2644 2141 2693 animo
2196 2644 2311 2693 iam

564 2728 861 2779 invaserat.
915 2730 1106 2790 Itaque
1132 2741 1238 2777 non
1268 2730 1345 2777 uti
1380 2732 1545 2780 antea
1584 2742 1703 2780 cum
1744 2729 2097 2791 praedatoria
2131 2743 2309 2797 manu,

563 2816 664 2881 sed
699 2829 894 2881 magno
930 2817 1178 2867 exercitu
1211 2822 1525 2878 comparato
1564 2818 1763 2867 bellum
1796 2830 1995 2881 gerere
2035 2820 2221 2881 coepit
2253 2824 2309 2871 et

565 2909 754 2967 aperte
792 2906 960 2954 totius
993 2906 1276 2955 Numidiae
1312 2906 1592 2969 imperium
1629 2908 1835 2968 petere.
1910 2904 2163 2957 Ceterum
2205 2920 2310 2970 qua

660 3209 702 3247 1.
727 3214 879 3247 cerum
903 3222 988 3248 ene
1012 3211 1060 3251 V.
1089 3231 1135 3242 -—
1162 3211 1222 3250 18.
1248 3210 1389 3250 dolore
1408 3215 1625 3260 per-noema
1650 3208 1935 3260 adlteruae-a]
1960 3210 2145 3251 Binuied.
2162 3212 2299 3252 ruric.

563 3278 611 3319 V.
640 3278 693 3318 K.
723 3276 989 3319 Adherbalem
1013 3278 1148 3319 dolor·
1167 3286 1388 3331 pernotum
1412 3280 1461 3321 G.
1490 3301 1535 3311 -
1584 3279 1649 3319 ¹7.
1678 3284 1721 3317 ae
1745 3278 1798 3319 K.
