2525 3925
931 326 1291 382 CATILINA.
1904 330 1977 381 23

234 480 365 541 tam,
403 476 676 538 optumum
709 474 860 523 factu
897 474 1122 525 credens
1155 474 1454 525 exercitum
1486 486 1690 539 augere
1725 488 1793 526 ac
1826 478 1977 539 prius

233 576 396 626 quam
431 564 679 627 legiones
717 564 1117 630 scriberentur,
1139 568 1464 626 antecapere
1500 576 1641 627 quae
1670 566 1818 616 bello
1854 567 1977 615 usui

230 653 431 714 forent,
463 654 624 701 nocte
657 652 988 713 intempesta
1023 664 1143 703 cum
1174 654 1363 715 paucis
1398 655 1455 702 in
1478 653 1759 703 Manliana
1794 656 1977 703 castra

229 744 512 803 profectus
562 744 662 790 est.
735 742 839 791 Sed
883 738 1123 806 Cethego
1170 744 1337 804 atque
1368 740 1602 791 Lentulo
1650 742 1976 807 ceterisque,

232 842 460 891 quorum
487 832 822 893 cognoverat
844 833 1142 892 promptam
1178 831 1475 897 audaciam,
1509 830 1743 896 mandat,
1781 829 2014 892 quibus5

232 918 399 969 rebus
434 922 656 980 possent
690 930 819 980 opes
855 918 1114 968 factionis
1146 918 1477 985 confirment,
1512 918 1739 967 insidias
1764 915 1973 967 consuli

229 1008 534 1071 maturent,
586 1006 834 1072 caedem,
884 1005 1138 1056 incendia
1169 1005 1393 1070 aliaque
1427 1004 1559 1056 belli
1593 1006 1841 1055 facinora
1874 1016 1975 1066 pa-

230 1098 389 1159 rent3
446 1107 572 1144 sese
617 1095 926 1157 propediem
965 1107 1086 1145 cum
1131 1108 1331 1159 magau
1377 1096 1623 1147 exercito
1668 1094 1738 1143 ad
1791 1094 1974 1143 urbem

233 1194 602 1233 accessurum.
669 1185 809 1233 Dum
862 1185 998 1234 haec
1035 1183 1239 1233 Romae
1290 1186 1583 1247 geruntur,
1638 1183 1704 1233 G.
1734 1180 1975 1231 Manlius

233 1282 310 1320 ex
343 1263 442 1321 suo
490 1282 712 1321 numero
755 1272 974 1336 legatos
1010 1271 1079 1321 ad
1112 1273 1379 1322 Marcium
1416 1272 1625 1336 Regem
1658 1271 1822 1321 mittit
1856 1269 2053 1319 cum10

230 1360 502 1410 mandatis
534 1360 930 1411 huiuscemodi:
1946 1369 1952 1376 ’

342 1449 428 1496 33.
485 1450 672 1498 «Deos
725 1450 1073 1514 hominesque
1121 1452 1419 1516 testamur,
1482 1452 1814 1516 imperator,
1874 1461 1976 1499 nos

227 1548 384 1589 arma
407 1550 586 1600 neque
614 1542 808 1589 contra
829 1542 1062 1601 patriam
1088 1541 1322 1607 cepisse,
1340 1552 1521 1602 neque
1546 1551 1654 1600 quo
1679 1537 1975 1601 pericuium

230 1625 360 1676 aliis
396 1627 729 1693 faceremus,
779 1628 875 1677 sed
918 1630 997 1677 uti
1035 1640 1270 1690 corpora
1303 1631 1493 1678 nostra
1526 1628 1594 1677 ab
1627 1628 1826 1677 iniuria
1860 1628 1980 1676 tuta

229 1714 438 1779 forent,
481 1716 576 1777 qui
615 1717 817 1778 miseri,
857 1718 1099 1780 egentes,
1139 1716 1407 1780 violentia
1442 1720 1609 1779 atque
1652 1711 1975 1764 crudelitate
1988 1714 2051 1765 15

230 1804 602 1853 feneratorum
646 1803 895 1865 plerique
948 1806 1191 1869 patriae,
1243 1805 1340 1852 sed
1390 1815 1575 1853 omnes
1622 1804 1769 1851 fama
1812 1804 1977 1863 atque

227 1893 463 1942 fortunis
497 1895 752 1953 expertes
784 1903 999 1955 sumus3
1037 1902 1216 1953 neque
1245 1891 1535 1954 quoiquam
1556 1892 1798 1941 nostrum
1818 1887 1976 1939 licuit

227 1993 382 2032 more
415 1983 676 2032 maiorum
711 1979 837 2044 lege
874 1982 983 2047 uti,
1023 1991 1202 2042 neque
1238 1982 1439 2030 amisso
1473 1977 1799 2042 patrimonio
1832 1977 1976 2028 libe-

227 2082 349 2120 rum
387 2081 580 2131 corpus
628 2071 863 2137 habere,
923 2071 1074 2118 tanta
1125 2070 1358 2119 saevitia
1405 2071 1775 2118 feneratorum
1813 2068 1976 2129 atque

226 2159 501 2220 praetoris
548 2159 666 2208 fuit.
738 2159 916 2220 Saepe
965 2160 1202 2208 maiores
1240 2159 1488 2207 vostrum
1534 2157 1763 2206 miseriti
1798 2154 1976 2217 plebis
1988 2155 2052 2203 ἐϋ

227 2247 536 2309 Romanae,
585 2248 821 2298 decretis
857 2249 971 2298 suis
1004 2247 1224 2308 inopiae
1259 2247 1377 2295 eius
1410 2245 1667 2308 opitulati
1703 2247 1830 2294 sunt
1840 2258 1860 2307 3
1912 2255 1980 2292 af:

233 2335 550 2391 novissume
579 2337 836 2385 memoria
871 2337 1087 2395 nostra,
1124 2336 1345 2396 propter
1377 2331 1799 2397 magnitudinem
1836 2331 1980 2381 aeris

232 2420 421 2484 alieni,
455 2421 767 2473 volentibus
792 2425 1034 2474 omnibus
1061 2424 1232 2484 bonis,
1270 2425 1555 2484 argentum
1582 2432 1711 2471 aere
1745 2418 1980 2470 solutum

238 2510 341 2558 est.
412 2509 587 2570 Saepe
619 2513 738 2572 ipsa
772 2512 987 2575 plebes,
1023 2515 1117 2562 aut
1152 2509 1467 2559 dominandi·
1496 2509 1675 2559 studio
1711 2508 1976 2571 permota,

231 2597 330 2648 aut
363 2597 622 2657 superbia
655 2601 1092 2666 magistratuum,
1133 2599 1345 2650 armata
1380 2608 1415 2647 a
1451 2597 1695 2658 patribus
1730 2595 2052 2646 secessitAEfi

236 2686 315 2735 At
347 2696 451 2734 nos
483 2697 594 2735 non
625 2686 902 2748 imperium
950 2699 1128 2750 neque
1177 2688 1399 2736 divitias
1446 2688 1706 2752 petimus,
1756 2696 1980 2747 quarum

229 2785 414 2826 rerum
449 2785 617 2824 eausa
648 2774 798 2825 bella
825 2779 990 2838 atque
1025 2778 1323 2827 certamina
1354 2776 1535 2826 omnia
1557 2775 1703 2824 inter
1734 2769 1980 2822 mortalis

232 2866 382 2930 suut,
413 2865 510 2912 sed
546 2863 874 2930 libertatem,
917 2876 1078 2928 quam
1108 2876 1269 2918 nemo
1306 2864 1477 2917 bonus
1508 2863 1619 2913 nisi
1651 2873 1772 2916 cum
1804 2860 1984 2912 anima

325 3053 362 3091 1.
403 3049 556 3102 factum
591 3052 645 3092 K.
677 3070 722 3086 -ο
771 3053 809 3092 2:
849 3053 973 3092 multa
1008 3053 1245 3103 prouenit-e
1270 3051 1324 3093 V.
1366 3050 1549 3103 [multa]
1574 3056 1813 3100 antecapere
1850 3051 1901 3089 G.
1932 3072 1976 3080 -ν

226 3121 267 3160 8.
288 3125 452 3170 potetate
469 3119 568 3159 Cod.
585 3120 767 3161 nin-iod.
797 3121 882 3162 ΟΕ».
901 3123 990 3172 lug.
1006 3123 1058 3161 88
1073 3137 1087 3162 .·
1114 3124 1275 3161 tamem
1296 3122 1425 3171 {pm
1442 3125 1545 3159 tenet
1570 3150 1581 3162 .
1600 3149 1611 3161 .
1627 3132 1671 3158 σε
1686 3150 1695 3160 .
1716 3148 1726 3159 .
1754 3118 1976 3157 mittun-um.

231 3188 316 3228 Sed
341 3189 414 3228 cfr.
441 3189 526 3228 Cat.
543 3189 605 3230 34.
631 3190 765 3230 initio.
784 3213 829 3222 —
857 3190 920 3229 10.
951 3190 1006 3228 ad
1019 3189 1293 3238 alnao-ciant
1305 3188 1454 3237 noym
1468 3187 1520 3228 V.
1545 3210 1591 3221 —-
1616 3187 1678 3228 16.
1702 3188 1843 3237 patria
1866 3186 1918 3226 V.
1940 3208 1980 3216 -

233 3257 298 3297 20.
327 3259 500 3297 mom
521 3260 647 3298 ποιεη·
667 3259 718 3298 V.
745 3277 798 3288 —-·
831 3259 986 3296 mina-ti
1007 3258 1058 3297 V.
1081 3277 1132 3288 ·--
1181 3257 1244 3299 21.
1274 3269 1354 3299 om.
1384 3257 1467 3296 eim
1491 3255 1547 3298 K.
1573 3277 1624 3286 —
1688 3257 1753 3297 23.
1782 3258 1980 3306 argeutum

232 3327 427 3366 commum·
452 3338 546 3368 aero
566 3325 620 3367 V.
651 3349 695 3358 -
745 3327 805 3366 u.
827 3325 940 3379 pleb·
963 3326 1016 3368 V.
