2525 3925
843 354 1212 409 launoium
1248 359 1402 410 CXL.
1892 366 2003 418 861

251 500 360 550 ciis
401 500 546 550 citra
579 500 810 552 Taurum
849 508 1089 554 montem
1149 506 1386 557 cederet.
1456 508 1713 575 Eumeni,
1768 522 1873 573 quo
1916 514 2006 561 iu-

253 594 432 639 vante
467 590 768 639 Antiochus
807 593 986 642 victus
1003 597 1161 660 ‘erat,
1197 607 1425 659 regnum
1462 598 1792 660 ampliatum.
1853 600 2004 649 Rho—

253 678 366 727 diis
415 689 654 742 qnoque,
711 680 804 742 qui
851 683 906 729 et
957 682 1064 743 ipsi
1110 684 1397 753 iuverant,
1450 688 1713 749 quaedam
1750 688 2005 739 civitates

257 777 579 816 concessae.
651 764 880 817 Colonia
915 769 1146 820 deducta
1169 776 1256 821 est
1282 774 1533 824 Bononia.
1604 775 1868 825 Aemilius
1892 776 2005 826 Re-

255 854 460 919 gillus,
510 857 601 917 qui
647 858 960 917 praefectos
999 862 1249 909 Antiochi
1294 862 1478 911 navali
1513 866 1807 913 certamine
1844 862 2044 915 vice-5

255 948 366 1007 rat,
401 943 653 995 navalem
691 946 1015 1008 triumphum
1051 950 1217 998 duxit.
1273 950 1335 1000 L.
1360 947 1647 1001 Cornelius
1670 952 1876 1019 scipio,
1911 955 2006 1016 qui

255 1044 383 1081 cum
420 1032 690 1083 Antiocho
725 1034 1134 1104 debellaverat,
1173 1040 1498 1102 cognomine
1530 1040 1694 1091 fratri
1728 1051 2004 1109 exaequa-

256 1125 348 1171 tus
393 1120 670 1172 Asiaticus
705 1122 1016 1187 appellatus
1050 1129 1150 1174 est.

840 1284 1074 1335 Liber
1121 1286 1421 1339 xxxvm.

363 1390 438 1437 Μ.
462 1386 690 1439 Fulvius
727 1390 920 1439 consul
949 1392 1006 1439 in
1035 1392 1200 1453 Epiro
1222 1396 1642 1446 Ambracienses
1667 1397 1921 1447 obsessos
1943 1394 2074 1446 into

253 1476 590 1527 deditionem
622 1480 858 1545 accepit,
894 1475 1299 1541 Cephalleniam
1336 1484 1572 1548 subegit,
1616 1484 1832 1534 Aetolis
1873 1496 2004 1546 per-

257 1567 479 1615 domitis
514 1579 708 1628 pacem
734 1567 898 1617 dedit.
969 1566 1064 1618 Cn.
1089 1570 1329 1619 Manlius
1365 1572 1575 1635 consul,
1613 1572 1835 1635 collega
1869 1574 2009 1637 eius,

262 1652 664 1718 Gallograecos
689 1655 1052 1705 Tolistoboios
1081 1659 1135 1705 et
1159 1658 1497 1721 Tectosagos
1522 1663 1577 1707 et
1602 1660 1877 1725 Trocmos,
1912 1660 2005 1721 qui

259 1742 476 1790 Brenno
513 1743 646 1791 duce
684 1744 740 1791 in
775 1745 961 1793 Asiam
999 1744 1349 1806 transierant,
1386 1758 1507 1795 cum
1546 1746 1655 1795 soli
1692 1747 1833 1795 citra
1857 1746 2006 1795 'l’au-

191 1820 196 1822 ’
259 1842 383 1879 rum
437 1833 673 1881 montem
727 1842 836 1881 non
889 1835 1169 1896 parerent,
1223 1835 1376 1882 vicit.'
1459 1834 1659 1884 Eorum
1704 1834 1891 1899 origo,
1948 1831 2081 1884 etl-'i

261 1916 710 1982 quemadmodum
741 1932 812 1970 ea
844 1920 971 1971 loca
1019 1933 1161 1984 quae
1209 1924 1401 1972 tenent
1442 1923 1863 1987 occupaverint,
1911 1933 2005 1973 re-

255 2007 455 2060 fertur.
526 2009 844 2072 Exemplum
880 2023 1090 2073 quoque
1125 2011 1351 2061 virtutis
1394 2015 1451 2062 et
1498 2011 1795 2075 pudicitiae
1828 2013 1883 2061 iu
1920 2011 2005 2061 fe-

257 2098 410 2148 mina
454 2097 717 2149 traditur:
771 2111 896 2149 nam
941 2111 1063 2150 cum
1099 2096 1439 2164 Ortiagontis
1486 2103 1632 2165 regis
1669 2100 2006 2167 Gallograe-

261 2197 454 2236 corum
489 2197 628 2235 uxor
665 2189 886 2249 captiva
921 2192 1098 2254 esset,
1153 2191 1523 2240 centurionem
1558 2192 1871 2256 custodem,
1914 2193 2005 2255 qui

177 2275 314 2324 56θοί
350 2275 462 2324 vim
501 2273 795 2341 intulerat,
841 2278 1060 2328 occidit.
1131 2278 1389 2328 Lustrum
1431 2293 1467 2330 a
1504 2282 1821 2332 censoribus
1865 2281 2080 2331 con-8⁰

259 2364 432 2412 ditum
465 2367 580 2413 est:
631 2375 798 2414 censa
835 2370 963 2414 sunt
1006 2367 1208 2416 civium
1245 2369 1433 2429 capita
1466 2367 1703 2417 ducenta
1740 2369 2006 2429 quinqua-

255 2453 419 2514 ginta
451 2456 579 2501 octo
618 2451 771 2502 milia
813 2457 872 2502 et
919 2456 1165 2502 trecenta
1211 2455 1412 2517 viginti
1458 2457 1599 2504 octo.
1672 2452 1803 2504 Cum
1838 2455 2007 2504 Aria-

256 2540 420 2590 rathe
453 2551 590 2604 rege
619 2536 1002 2602 Cappadociae
1041 2541 1286 2592 amicitia
1318 2543 1506 2592 iuncta
1540 2546 1642 2592 est.
1713 2539 1809 2591 Cn.
1844 2543 2007 2591 Man·-

255 2627 374 2678 lius
409 2629 904 2681 contradicentibus
939 2629 1126 2680 decem
1161 2630 1381 2694 legatis,
1418 2643 1488 2680 ex
1520 2639 1745 2693 quorum
1777 2627 2007 2678 consilio

259 2718 458 2768 foedus
507 2729 628 2766 cum
675 2717 947 2768 Antiocho
997 2719 1428 2783 conscripserat,
1488 2719 1555 2769 de
1606 2716 2080 2781 &allegi-accisas

185 2809 393 2858 macta
427 2817 528 2867 pro
563 2815 624 2856 se
659 2817 826 2856 causa
857 2807 914 2855 in
948 2809 1160 2869 senatu,
1195 2809 1564 2869 triumphavit.
1633 2806 1823 2867 scipio
1854 2804 2009 2856 Afri-

261 2905 436 2946 canus
461 2893 548 2943 die
573 2895 626 2943 ei
651 2895 812 2958 dicta,
851 2898 912 2944 ut
943 2894 1158 2956 quidam
1187 2897 1357 2963 aiunt,
1392 2908 1427 2946 a
1449 2893 1514 2959 Q.
1540 2893 1759 2945 Petillia
1792 2895 2010 2945 tribuno

263 2983 464 3047 plebis,
503 2988 564 3032 ut
599 2985 832 3046 quidam,
869 2994 904 3032 a
935 2982 1166 3046 Naevio,
1211 2987 1355 3047 quod
1394 2986 1597 3047 praeda
1630 2995 1699 3032 ex
1734 2982 2009 3034 Antiocho

265 3073 432 3134 capta
453 3073 726 3122 aerarium
749 3071 1079 3137 fraudasset,
1113 3076 1397 3134 postquam
1430 3074 1480 3122 is
1514 3073 1631 3122 dies
1667 3073 1839 3134 venit,
1872 3083 2010 3122 evo-

263 3163 426 3212 catus
459 3161 518 3209 in
552 3161 756 3212 Rostra
791 3161 953 3210 «Hac
989 3159 1150 3228 die,»
1187 3161 1367 3224 inquit
1408 3156 1725 3228 «Quirites,
1770 3160 2087 3212 Kartha-80

265 3252 454 3314 ginem
486 3251 672 3313 vicip»
717 3253 776 3300 et
806 3255 1168 3314 prosequente
1200 3248 1405 3312 populo
1428 3247 1757 3313 Capitolium
1778 3249 2015 3300 adscens-

270 3338 366 3396 dit·
437 3337 570 3394 lude
604 3349 678 3394 uo
707 3337 939 3404 amplius
987 3339 1297 3396 tribuniciis
1328 3339 1545 3394 iciunis
1582 3339 1909 3402 vexaretur,
1952 3334 2011 3386 in
