2525 3925
536 326 648 379 m
1073 317 1439 373 munitm
1467 320 1531 371 '1'-
1556 319 1689 372 HV
1688 320 1742 370 11

542 476 610 524 ad
667 473 905 522 Isthmon
959 482 998 521 a
1047 470 1110 519 [a.
1158 468 1427 519 Mummio
1478 465 1707 517 consule
1760 465 1939 515 victus
1990 466 2101 515 est.
2184 459 2297 528 Qui

543 563 692 609 omni
729 562 938 610 Achaia
981 561 1035 609 in
1087 558 1419 607 deditionem
1468 560 1703 617 accepta
1738 548 2039 605 corinthon
2081 566 2157 603 ex
2204 556 2361 603 ee-fioe

540 652 701 697 natus
749 646 1000 697 consulto
1051 646 1244 708 diruit,
1303 645 1429 705 quia
1471 644 1550 694 ibi
1601 642 1774 706 legati
1808 642 2043 692 Romani
2094 640 2297 691 violati

543 740 716 784 erant.
787 734 1002 783 Thebae
1037 744 1250 797 quoque
1272 728 1331 781 et
1354 721 1591 793 Chalcis,
1627 741 1768 792 quae
1802 729 2009 781 auxilio
2046 729 2299 795 fuerant,

503 823 782 875 5dirutae.
865 826 987 885 Ipse
1052 822 1118 871 L.
1173 820 1463 874 Mummius
1529 818 2045 873 abstinentissimum
2117 818 2297 867 virum

543 912 693 975 egit3
747 921 849 961 nee
883 910 1166 971 quidquam
1204 920 1275 957 ex
1310 908 1379 957 iis
1414 906 1611 969 opibus
1645 905 2113 971 ornamentisque,
2150 917 2299 969 quae

543 999 831 1060 praedives
852 996 1156 1047 ·Corintbos
1207 978 1426 1061 habuit,
1478 996 1537 1045 in
1586 994 1797 1059 domum
1845 993 1965 1043 eius
2009 996 2297 1057 pervenit.

546 1080 610 1148 Q.
638 1083 912 1136 Caecilius
948 1083 1208 1135 Metellus
1247 1084 1317 1134 de
1350 1082 1621 1132 Andrisco
1659 1079 2029 1147 triumphavit,
2064 1081 2125 1129 P.
2154 1080 2298 1131 Cor-

545 1172 726 1221 nelius
765 1173 952 1235 Scipio
1000 1171 1295 1223 Africanus
1346 1170 1685 1221 Aemilianus
1730 1168 1799 1219 de
1849 1168 2201 1232 Karthagine
2243 1172 2301 1219 et

472 1259 616 1313 10de
653 1258 1007 1310 Hasdrubale.
1084 1258 1363 1309 Viriathus
1412 1259 1469 1307 in
1506 1258 1768 1319 Hispania
1812 1256 2037 1319 primum
2074 1269 2155 1305 ex
2194 1260 2353 1321 ρει-ωε

541 1352 694 1397 store
725 1352 975 1411 venator,
1013 1358 1082 1396 ex
1118 1350 1383 1399 venatore
1414 1346 1579 1409 latro,
1617 1356 1743 1395 mox
1776 1345 1907 1395 iusti
1940 1356 2159 1407 quoque
2196 1357 2298 1393 ex-

542 1438 744 1485 ercitus
783 1434 892 1483 dux
926 1434 1123 1498 factus,
1161 1438 1333 1486 totam
1364 1434 1701 1484 Lusitaniam
1736 1433 2051 1499 occupavit,
2088 1430 2150 1483 C.
2175 1432 2299 1481 Ve-

543 1522 718 1573 tilium
755 1526 1068 1595 praetorem
1115 1524 1242 1573 fuso
1286 1522 1405 1573 eius
1454 1522 1701 1571 exercitu
1736 1520 1915 1583 cepit3
1970 1523 2100 1581 post
2130 1532 2295 1582 quen

545 1608 603 1663 C.
647 1610 892 1660 Plautius
943 1614 1168 1671 praetor
1221 1609 1393 1659 nihilo
1447 1608 1663 1661 felici-us
1714 1619 1829 1659 rem
1878 1608 2057 1673 gessit
2143 1608 2293 1659 Tan-

472 1702 536 1751 15
553 1704 772 1761 tumque
813 1701 1041 1751 terroris
1071 1700 1123 1749 is
1157 1696 1329 1749 bostis
1364 1696 1566 1761 intulit,
1600 1699 1659 1746 ut
1694 1694 1961 1749 adversus
1992 1706 2119 1745 eum
2156 1708 2294 1747 con·

545 1786 718 1836 sulari
757 1798 892 1847 opus
935 1789 1084 1837 esset
1120 1790 1179 1837 et
1218 1785 1358 1849 duce
1402 1789 1459 1837 et
1496 1785 1759 1835 exercitu.
1828 1784 2137 1835 Praeterea
2168 1795 2297 1833 mo-

544 1878 632 1923 tus
659 1876 862 1935 Syriae
899 1878 955 1923 et
991 1873 1140 1925 bella
1169 1875 1317 1924 inter
1350 1886 1515 1937 reges
1552 1874 1715 1935 gesta
1748 1870 2081 1922 referuntur.
2154 1872 2293 1921 Ale-

543 1959 778 2026 xander,
813 1960 974 2014 homo
1007 1964 1229 2027 ignotus
1265 1965 1325 2014 et
1358 1964 1603 2012 incertae
1636 1960 1855 2024 sarpis,
1890 1963 2117 2023 occiso,
2150 1962 2295 2012 sicut

543 2053 671 2098 ante
736 2048 938 2098 dictum
987 2054 1102 2114 est,
1172 2051 1456 2101 Demetrio
1502 2060 1639 2114 rege
1684 2049 1742 2100 in
1790 2049 1959 2112 Syria
2007 2047 2295 2113 regnabat.

467 2135 704 2187 zonano
739 2137 1046 2186 Demetrius
1082 2139 1343 2188 Demetrii
1392 2137 1563 2203 iilius,
1625 2136 1719 2200 qui
1754 2149 1789 2187 a
1824 2139 1983 2200 patre
2020 2136 2293 2200 quondam

541 2222 610 2270 ob
647 2222 888 2272 incertos
935 2221 1068 2274 belli
1115 2235 1277 2274 casus
1310 2223 1597 2288 ablegatus
1632 2225 1846 2276 Gnidon
1882 2226 2100 2292 fuerat,
2155 2236 2291 2274 eon-

543 2311 748 2371 tempta
790 2308 1049 2362 socordia·
1088 2311 1399 2375 inertiaque
1444 2313 1595 2376 eius,
1644 2314 1937 2367 adiuvante
1972 2311 2291 2364 Ptolemaeo

540 2397 790 2462 Aegypti
823 2410 977 2462 rege,
1019 2401 1174 2450 cuius
1208 2400 1377 2452 filiam
1410 2397 1757 2462 Cleopatram
1788 2403 1846 2452 in
1880 2400 2291 2452 matrimonium

541 2491 863 2554 acceperat,
916 2486 1064 2538 bello
1109 2488 1405 2562 interemit.
1477 2487 1821 2540 Ptolemaeus
1851 2488 1909 2537 in
1950 2493 2120 2553 caput
2154 2491 2356 2554 gra—⁶⁰⁸

465 2579 533 2631 25
548 2577 692 2624 viter
733 2574 1086 2642 vulneratus,
1137 2576 1284 2627 inter
1326 2576 1661 2628 curationem
1676 2610 1697 2640 ‚
1750 2575 1874 2626 dum
1916 2587 2045 2627 ossa
2090 2576 2294 2628 medici

543 2663 822 2714 terebrare
860 2645 1234 2730 contendunt‚‘
1257 2665 1595 2728 exspiravit3
1646 2669 1815 2728 atque
1848 2665 1905 2715 in
1938 2664 2133 2714 iocum
2169 2667 2295 2716 eius

537 2751 713 2801 frater
757 2752 935 2802 minor
970 2751 1343 2819 Ptolemaeus,
1399 2753 1493 2816 qui
1528 2749 1760 2813 Cyrenis
1807 2753 2105 2818 regnabat,
2158 2763 2293 2803 suc-

539 2841 722 2887 cessit.
794 2839 1104 2888 Demetrius
1138 2841 1208 2890 ob
1241 2838 1652 2903 crudelitatem,
1690 2852 1849 2902 quam
1882 2851 1980 2902 per
2017 2845 2295 2892 tormenta

537 2925 594 2971 in
631 2936 760 2974 suos
794 2927 1105 2994 exercebat,
1137 2939 1174 2977 a
1196 2925 1435 2980 Diodoto
1466 2928 1722 2991 quodam,
1758 2939 1865 2978 uuo
1900 2938 1969 2976 ex
2002 2929 2293 2994 subiectis,

463 3018 532 3066 :to
548 3012 642 3072 qui
675 3011 976 3064 Alexandri
1007 3014 1122 3066 filio
1158 3015 1367 3067 bimulo
1401 3014 1689 3066 admodum
1723 3026 1951 3079 regnum
1982 3016 2291 3080 asserebat,

539 3097 688 3148 bello
737 3105 1027 3163 superatus
1073 3101 1399 3154 Seleuceam
1444 3105 1709 3168 confugit.
1776 3104 1840 3156 L,
1873 3103 2169 3174 ”ammius
2218 3103 2291 3155 de

535 3186 774 3238 Achaeis
822 3189 1200 3253 triumphavit,
1251 3191 1415 3256 signa
1457 3203 1627 3244 aerea
1658 3201 2066 3254 marmoreaque
2100 3195 2163 3242 et
2196 3196 2291 3244 ta-

536 3273 694 3328 bulas
733 3275 914 3338 pictas
949 3277 1007 3328 in
1043 3278 1312 3342 triumpho
1348 3277 1489 3333 tulit.
