2525 3925
588 330 699 385 1⁶2
1126 324 1189 378 Ο.
1225 324 1528 379 SALUS'H
1561 322 1791 377 omem

906 1003 1317 1083 ORATIO
1389 1004 1483 1081 L.
1535 996 2028 1080 PHILIPPI

1423 1214 1509 1250 ΙΝ

1172 1376 1748 1442 SENATU.

693 1706 945 1753 Maxume
993 1697 1222 1765 vellem,
1275 1700 1460 1760 patres
1509 1695 1837 1761 conscripti,
1887 1706 2004 1745 rem
2053 1696 2333 1757 publicam

589 1792 823 1853 quietam
862 1800 987 1839 esse
1032 1790 1127 1837 aut
1173 1788 1228 1835 in
1279 1784 1539 1848 periculis
1575 1795 1610 1833 a
1657 1782 2075 1845 promptissumo
2108 1795 2334 1846 quoqne

588 1878 826 1940 defendi,
896 1876 1125 1937 denique
1185 1885 1361 1936 prava
1423 1873 1640 1932 incepta
1696 1869 2098 1921 consultoribus
2151 1884 2330 1921 noxae

584 1976 726 2014 esse.
796 1965 903 2014 Sed
941 1967 1135 2013 contra
1182 1960 1539 2011 seditionibus
1587 1960 1773 2007 omnia
1811 1960 2026 2010 turbata
2061 1963 2219 2023 sunt,
2273 1960 2331 2009 et

548 2049 649 2100 bah
685 2051 786 2113 iis,
830 2061 967 2110 quos
1002 2049 1290 2111 prohibere
1325 2050 1498 2112 magis
1528 2046 1770 2097 decebat.
1840 2049 2148 2111 Postremo,
2185 2059 2328 2109 quae

584 2135 830 2197 pessumi
872 2137 929 2183 et
964 2134 1290 2184 stultissumi
1326 2135 1641 2196 decrevere,
1675 2147 1742 2184 ea
1777 2134 1931 2184 bonis
1965 2138 2023 2185 et
2057 2135 2329 2196 sapienti-

582 2222 684 2272 bus
714 2221 970 2270 faciunda
993 2223 1138 2271 sunt.
1209 2223 1348 2269 Nam
1382 2221 1579 2270 bellum
1614 2223 1775 2283 atque
1803 2233 1973 2288 arma,
2006 2233 2327 2284 quamquam

582 2309 739 2358 vobis
769 2308 967 2375 invisa,
1005 2310 1200 2375 tamen,
1237 2311 1363 2370 quia
1386 2310 1593 2370 Lepido
1622 2308 1862 2373 placent,
1897 2311 2157 2359 sumenda
2179 2314 2326 2360 sunt.

582 2396 700 2445 Nisi
724 2395 867 2445 forte
894 2398 1020 2458 quoi
1045 2407 1231 2457 pacem
1270 2401 1552 2457 praestare
1583 2400 1640 2445 et
1671 2395 1873 2446 bellum
1897 2398 2012 2458 pati
2034 2398 2328 2448 consilium

514 2479 681 2531 west.
753 2484 860 2532 Pro
897 2483 953 2532 di
988 2485 1131 2548 boni,
1178 2486 1273 2546 qui
1308 2485 1447 2533 banc
1486 2485 1688 2545 urbem,
1723 2485 1926 2534 omissa
1960 2495 2114 2550 cura,
2147 2486 2327 2533 adbuc

582 2566 796 2632 tegitis!
848 2571 922 2618 Μ.
955 2571 1247 2634 Aemilius,
1299 2573 1534 2621 omnium
1573 2571 1959 2632 flagitiosorum
1995 2573 2324 2634 postremus,

581 2657 671 2718 qui
707 2658 859 2718 peior
895 2666 966 2706 an
1000 2659 1258 2720 ignavior
1293 2659 1367 2706 sit
1401 2657 1694 2706 deliberari
1725 2669 1833 2706 non
1867 2659 2067 2726 potest,
2103 2658 2326 2708 exerci-

579 2744 691 2792 tum
741 2743 1126 2806 obprimundae
1179 2743 1452 2793 libertatis
1505 2745 1668 2794 habet
1715 2745 1770 2792 et
1820 2756 1882 2794 se
1929 2756 1962 2792 e
2010 2747 2322 2805 contempto

577 2832 921 2879 metuendum
959 2829 1168 2879 effecit:
1206 2841 1310 2878 vos
1342 2834 1646 2880 mussantes
1679 2833 1737 2879 et
1764 2831 2150 2893 retractantes,
2189 2842 2324 2880 ver-

508 2914 664 2964 15bis
705 2918 762 2964 et
812 2920 998 2965 vatum
1053 2918 1380 2966 carminibus
1433 2929 1623 2978 pacem
1677 2918 1876 2977 optatis
1928 2918 2107 2980 magis
2161 2929 2322 2980 quam

579 2999 887 3069 defenditis,
931 3014 1105 3065 neque
1140 3002 1464 3066 intellegitis
1500 3002 1738 3054 mollitia
1775 3003 2122 3053 decretorum
2161 3005 2320 3054 vobis
2421 2997 2431 3003 ’

670 3201 710 3238 8.
740 3211 873 3248 parva
896 3200 946 3237 V.
977 3223 1021 3232 -
1047 3201 1109 3240 10.
1138 3202 1205 3240 An
1237 3202 1383 3240 omissa
1407 3213 1434 3240 a
1457 3205 1598 3241 senatu
1624 3200 1755 3239 cura?
1782 3221 1828 3232 —
1854 3201 1915 3242 11.
1947 3201 2104 3252 eeqs’es’s]
2130 3203 2181 3243 V.
2207 3204 2318 3251 reqi-

570 3271 622 3308 m
648 3268 698 3308 G.
730 3288 777 3299 —
828 3268 889 3306 1³.
920 3273 1177 3316 secante-ipen
1204 3269 1320 3319 (sic)
1346 3268 1398 3308 V.
1425 3288 1474 3298 —
1525 3270 1586 3310 15.
1611 3269 1803 3308 cuminis
1827 3269 1876 3309 V.
