2525 3925
567 342 679 391 292
1085 337 1447 389 EPITOMAE
1484 340 1545 389 T.
1582 340 1763 391 mvn

571 498 694 535 eum
729 484 874 535 tueri
905 484 1125 534 minime
1171 488 1389 551 posset,
1439 496 1731 546 oppressus
1777 486 1943 533 armis
1979 497 2099 533 cum
2140 485 2321 535 Glau-

577 574 664 624 cia
699 577 952 635 praetore
995 575 1051 622 et
1094 572 1221 621 aliis
1269 572 1507 621 eiusdem
1546 574 1747 621 furoris
1784 575 1953 621 sociis
1992 572 2143 623 bello
2186 587 2322 635 quo-

573 660 700 711 dam
742 662 1067 710 interfectus
1110 664 1210 709 est.
1283 656 1345 721 Q.
1386 658 1657 709 Caecilius
1690 660 1950 709 Metellus
2001 664 2071 710 ab
2125 661 2325 711 exsilio

571 749 784 810 ingenti
821 748 986 797 totius
1020 748 1265 796 civitatis
1303 748 1493 795 favore
1529 748 1783 796 reductus
1829 753 1930 797 est.
2002 746 2097 799 Μ’.
2123 750 2325 811 Aquil-

532 833 684 889 5lius
718 834 1012 897 proconsul
1044 836 1102 884 in
1138 833 1333 884 Sicilia
1370 834 1571 883 bellum
1608 834 1815 884 servile
1850 837 2152 886 excitatum
2194 851 2323 887 con·

573 922 723 973 fecit.
760 921 766 927 '

1226 1056 1460 1107 Liber
1509 1056 1667 1105 Lxx.

681 1159 814 1211 Cum
861 1158 947 1209 Μ’.
989 1159 1264 1223 Aquillius
1318 1163 1383 1211 de
1438 1164 1680 1224 pecuniis
1731 1164 2042 1225 repetundis
2107 1178 2322 1217 causam

581 1248 815 1315 diceret,
862 1251 981 1311 ipse
1015 1250 1224 1298 iudices
1258 1261 1459 1313 rogare
1508 1249 1696 1299 noluit.
1767 1254 1838 1301 Μ.
1877 1252 2190 1321 Antonius,
2244 1258 2324 1317 qui

506 1339 570 1391 10
585 1347 686 1396 pro
724 1348 792 1385 eo
827 1338 1150 1401 perorabat,
1197 1339 1437 1387 tunicam
1480 1350 1514 1387 a
1549 1340 1771 1401 pectore
1806 1339 1924 1387 eius
1960 1338 2223 1408 discidit,
2272 1346 2323 1391 ut

578 1423 834 1473 honestas
871 1426 1157 1476 cicatrices
1193 1425 1538 1489 ostenderei3
1586 1428 1775 1488 quibus
1812 1430 2128 1487 conspectis
2170 1430 2325 1479 indu-

577 1510 816 1559 bitanter
867 1510 1150 1561 absolutus
1197 1514 1297 1561 est.
1371 1510 1565 1563 Cicero
1614 1516 1731 1563 eius
1777 1516 1857 1562 rei
1908 1513 2063 1563 solus
2112 1521 2320 1568 auctor.

2480 1242 2482 1333 l

578 1596 638 1645 Τ.
662 1597 854 1647 Didius
887 1599 1179 1659 proconsul
1205 1601 1471 1649 adversus
1496 1598 1797 1650 Celtiberos
1832 1602 2077 1653 feliciter
2112 1606 2379 1670 pugna-⁵57
2481 1596 2482 1611 ¹

576 1684 673 1732 vit.
729 1685 1073 1735 Ptolemaeus
1097 1684 1435 1749 Cyrenarum
1469 1700 1586 1752 rex,
1625 1691 1714 1737 cui
1746 1692 2167 1753 cognomentum
2194 1695 2377 1755 Api-⁶⁵³

503 1770 564 1821 15
580 1772 672 1819 oni
709 1770 841 1837 fuit,
888 1777 1130 1823 mortuus
1163 1774 1413 1823 heredem
1449 1776 1706 1837 populum
1742 1778 2045 1827 Romanum
2084 1780 2323 1844 reliquit,

582 1860 640 1906 et
675 1860 792 1907 eius
827 1862 983 1923 regni
1019 1862 1274 1910 civitates
1306 1867 1527 1911 senatus
1558 1862 1761 1913 liberas
1784 1877 1905 1914 esse
1928 1868 2109 1915 iussit.
2160 1871 2379 1919 Ario-⁶62

577 1945 846 1996 barzanes
892 1948 948 1996 in
999 1960 1223 2012 regnum
1263 1946 1643 2012 Cappadociae
1694 1966 1727 2002 a
1769 1954 1831 2001 L.
1871 1950 2130 2006 Cornelio
2166 1957 2319 2009 Sulla

578 2034 834 2082 reductus
873 2037 972 2086 est.
1041 2035 1363 2087 Parthorum
1397 2038 1601 2105 legali,
1656 2053 1692 2089 a
1732 2053 1865 2106 rege
1898 2043 2116 2094 Arsace
2152 2049 2322 2108 missi,

576 2123 846 2170 venerunt
882 2125 950 2170 ad
987 2123 1218 2186 Sullam,
1255 2129 1315 2174 ut
1348 2125 1643 2176 amicitiam
1679 2130 1861 2190 popuii
1895 2130 2133 2181 Romani
2168 2138 2322 2194 pete-

499 2205 720 2258 2orent.
791 2206 848 2254 P.
896 2207 1164 2274 Rutilius,
1217 2212 1308 2258 vir
1352 2223 1591 2262 summae
1639 2217 2013 2284 innocentiae,
2065 2224 2385 2282 quoniamfitz

574 2288 792 2354 legatus
836 2288 900 2354 Q.
943 2296 1114 2344 Mucii
1165 2299 1504 2358 proconsulis
1552 2313 1588 2350 a
1639 2304 2051 2364 publicanorum
2107 2310 2321 2360 iniuriis

575 2378 764 2429 Asiam
803 2381 1147 2448 defenderat,
1184 2386 1393 2435 invisus
1429 2392 1671 2449 equestri
1708 2393 1913 2455 ordini,
1950 2405 2121 2454 penes
2159 2409 2321 2460 quem

574 2465 778 2517 iudicia
812 2474 996 2533 erant,
1037 2475 1456 2534 repetundarum
1492 2472 1775 2528 damnatus
1808 2473 2154 2532 inexsiiium
2194 2489 2323 2536 mis-

575 2565 668 2604 sus
706 2557 807 2605 est.
879 2555 935 2606 C.
969 2559 1188 2608 Sentius
1237 2564 1455 2622 praetor
1502 2566 1695 2613 contra
1734 2567 1971 2616 Thracas
2016 2571 2324 2622 infeliciter

499 2643 856 2704 25pugnavit.
930 2646 1160 2696 Senatus
1213 2659 1333 2696 cum
1383 2650 1749 2710 impotentiam
1795 2657 2071 2716 equestris
2112 2660 2323 2710 ordinis

571 2729 630 2778 in
665 2729 880 2780 iudiciis
915 2735 1236 2784 exercendis
1271 2735 1418 2786 ferre
1454 2737 1654 2802 nollet,
1706 2742 1853 2790 omni
1886 2744 1945 2791 vi
1978 2745 2083 2793 niti
2122 2751 2321 2812 eoepit,

575 2818 635 2864 ut
671 2819 737 2866 ad
773 2831 835 2868 se
868 2820 1070 2870 iudicia
1109 2821 1551 2886 transferrentur,
1596 2829 1897 2878 sustinente
1934 2843 2161 2882 causam
2200 2837 2321 2885 eius

571 2903 646 2952 M.
681 2904 842 2954 Livio
879 2907 1057 2956 Druso
1098 2909 1313 2958 tribuno
1348 2910 1539 2976 piebis,
1580 2915 1669 2973 qui
1706 2919 1765 2963 ut
1800 2919 1947 2966 vires
1981 2921 2091 2969 sibi
2124 2925 2321 2985 acqui-

572 2991 756 3052 reret,
815 2995 1122 3052 perniciosa
1169 3007 1266 3057 spe
1320 2995 1672 3060 largitionum
1726 3000 1938 3062 plebem
1992 3010 2321 3060 concitavit.

497 3068 864 3126 30Practerea
898 3083 1072 3132 motus
1107 3082 1310 3144 Syriae
1346 3096 1535 3148 regum
1570 3089 1823 3140 continet.

667 3298 706 3336 8.
744 3297 863 3348 bello]
900 3311 926 3336 a
954 3299 1120 3342 Rabirio
1151 3305 1358 3356 sigonius.
