2525 3925
1721 286 1756 299 N

828 311 1201 373 CATILINA.
1825 319 1896 370 31
1926 343 1934 346 ·

150 464 208 515 Τ.
252 461 611 524 Volturcium
654 463 925 526 quendam
962 462 1378 516 Crotoniensem
1421 465 1604 530 mittit,
1641 465 1702 514 ut
1739 464 1903 516 Allo-

152 555 355 616 broges
380 555 531 614 prins
563 565 727 615 quam
766 555 985 604 domum
1019 556 1326 620 pergerent,
1363 566 1488 603 eum
1515 550 1750 604 Catilina
1775 557 1904 604 data.

152 645 323 704 atque
338 645 567 704 accepta
583 641 685 690 fide
706 645 1029 692 societatem
1049 641 1449 692 confirmarent.
1472 643 1596 702 Ipse
1614 641 1902 692 Volturcio

151 729 371 780 litteras
426 732 493 780 ad
553 727 848 780 Catilinam
901 733 1023 794 dat,
1096 743 1328 792 quarum
1391 730 1703 791 exemplum
1757 733 1904 780 infra

152 821 423 880 scriptum
476 824 595 870 est:
670 815 823 882 «Qui
878 821 985 868 sim
1042 831 1113 868 ex
1166 831 1263 884 eo,
1323 831 1484 881 quem
1531 818 1602 868 ad
1657 822 1712 867 te
1761 819 1944 884 misi‚5

157 919 475 972 cognosces.
544 907 659 956 Fac
696 909 942 971 cogites,
998 909 1056 958 in
1091 910 1294 970 quanta
1331 907 1646 957 calamitate
1687 907 1798 972 sis„
1849 909 1906 956 et

157 997 477 1047 memineris
512 999 564 1046 te
598 997 780 1047 virum
818 1009 975 1060 esse3
1016 996 1360 1062 consideres,
1399 998 1526 1058 quid
1565 1000 1690 1046 tuac
1727 982 1914 1045 ratio-⁵

157 1096 253 1136 nes
304 1084 612 1148 postulent3
670 1085 935 1136 auxilium
987 1091 1143 1148 petas
1181 1088 1249 1135 ab
1297 1085 1580 1150 omnibus,
1633 1085 1800 1134 etiam
1835 1085 1902 1134 ab

157 1171 409 1223 infimis.'’
481 1175 565 1222 Ad
605 1175 709 1223 luoc
745 1175 1002 1225 mandata
1034 1175 1217 1223 verbis
1256 1175 1383 1223 dat:
1443 1189 1470 1220 «
1486 1170 1666 1236 Quom
1705 1175 1774 1222 ab
1811 1183 1904 1222 se·-

158 1264 289 1312 natu
326 1262 497 1312 hostis
532 1263 803 1312 iudicatus
836 1264 927 1329 sit,
964 1275 1068 1324 quo
1092 1262 1322 1312 consilio
1359 1263 1592 1314 servitia.
1612 1253 1981 1323 repudiet‘sso

158 1352 213 1400 in
249 1351 382 1400 urbe
434 1355 629 1413 parata
670 1363 823 1418 esse,
879 1364 1019 1414 quae
1056 1351 1304 1414 iusserit3
1356 1363 1426 1402 ne
1461 1353 1749 1402 cunctetur
1784 1351 1904 1412 ipse

158 1441 381 1502 propius
418 1436 733 1492 accedere.''

257 1528 353 1578 45.
392 1530 493 1578 His
526 1532 688 1580 rebus
718 1529 797 1579 ita
832 1530 1002 1593 ποεῖς,
1046 1530 1348 1582 constituta
1382 1533 1579 1597 nocie,
1631 1543 1739 1592 qua
1775 1539 1907 1590 pro·-

161 1616 560 1681 miscerentur,
616 1614 812 1669 Cicero
869 1631 970 1680 per
1022 1618 1238 1680 legatos
1289 1622 1485 1668 cuncta
1530 1619 1786 1681 edoctus,
1846 1619 1904 1666 [a.

162 1705 387 1756 Valerio
434 1705 637 1756 Flacco
689 1709 745 1756 et
790 1706 857 1756 G.
892 1706 1199 1768 Pomptinio
1250 1708 1592 1768 praetoribus
1645 1707 1900 1768 imperat,
1918 1703 1979 1754 15

163 1799 217 1845 ut
254 1797 311 1844 in
347 1797 517 1856 ponte
546 1793 757 1844 Mulvio
794 1807 891 1856 per
940 1797 1165 1846 insidias
1200 1795 1564 1858 Allobrogum
1613 1794 1906 1842 comitatus

161 1881 561 1946 deprehendant
573 1897 593 1948 3
630 1896 748 1934 rem
780 1896 1005 1933 omnem
1036 1885 1231 1945 aperit,
1271 1885 1466 1946 quoius
1501 1884 1682 1946 gratia
1720 1882 1908 1930 mitte·-

164 1974 387 2037 bantur‚
432 1976 637 2039 cetera,
673 1974 752 2022 uti
786 1974 936 2023 facto
976 1986 1112 2035 opus
1148 1975 1247 2036 sit,
1286 1974 1367 2022 ita
1405 1975 1592 2037 agant,
1624 1971 1908 2033 permittit.

162 2061 283 2129 mi,
316 2062 567 2111 homines
604 2061 904 2127 mili-iares,
954 2064 1073 2111 sine
1115 2047 1354 2113 tumultu
1393 2060 1680 2124 praesidiis
1717 2059 1908 2110 conlo-

162 2152 321 2216 cati8‚
354 2151 525 2200 sicuti
556 2154 907 2213 pracceptum
940 2156 1087 2214 erat,
1127 2150 1344 2201 occulte
1381 2153 1601 2211 pontem
1636 2149 1902 2203 obsidunt.
1916 2152 1983 2205 20
2037 2204 2040 2214 1

160 2238 461 2303 Postquam
495 2239 564 2289 ad
603 2240 659 2288 id
689 2238 802 2288 loci
838 2238 1011 2302 legati
1048 2252 1173 2290 cum
1211 2239 1502 2290 Volturcio
1543 2239 1815 2288 venerunt
1851 2237 1908 2285 et

161 2328 323 2377 simul
363 2329 644 2391 utrimque
678 2326 888 2377 clamor
928 2331 1149 2377 exortus
1186 2330 1290 2394 est,
1333 2327 1503 2394 Galli,
1539 2328 1648 2377 cito
1689 2326 1907 2387 cognito

164 2418 426 2482 consilio,
464 2419 585 2467 sine
615 2430 772 2471 mora
806 2418 1151 2479 praetoribus
1182 2430 1247 2467 se
1285 2417 1519 2467 tradunt.
1589 2412 1907 2465 Volturcius

160 2508 369 2573 primo,
410 2506 729 2556 cohortatus
768 2512 1013 2572 ceteros,
1048 2506 1231 2567 gladio
1271 2516 1330 2553 se
1363 2517 1400 2555 a
1428 2503 1776 2553 multitudine
1811 2502 1908 2549 de-

158 2595 365 2655 fendit,
424 2593 621 2643 deinde
660 2593 751 2643 nbi
786 2607 820 2643 a.
854 2594 1058 2657 legatis
1096 2594 1342 2644 desertus
1381 2592 1494 2652 est,
1549 2590 1722 2641 multa
1756 2592 1905 2652 prius
1919 2595 1984 2647 25

162 2684 229 2735 de
278 2684 461 2735 salute
512 2695 611 2731 sua
645 2680 1013 2744 Pomptinium
1064 2682 1399 2743 obtestatus,
1453 2678 1596 2741 quod
1647 2679 1700 2727 ei
1749 2679 1908 2729 notus

159 2777 302 2841 erat,
334 2775 617 2835 posu-emo
652 2770 875 2821 timidus
910 2782 977 2819 ac
1013 2771 1162 2820 vitae
1198 2769 1446 2819 diffidens
1477 2767 1634 2818 velut
1667 2767 1909 2817 hostibus

160 2876 288 2915 sese
322 2862 668 2926 praetoribus
708 2859 871 2909 dedit.

267 2950 367 3003 46.
400 2946 607 3013 Quibus
634 2950 797 2999 rebus
834 2948 1115 3011 confectis,
1148 2948 1334 2997 omnia
1364 2957 1594 3008 propere
1632 2957 1733 3008 per
1769 2956 1912 2993 nun-

163 3044 273 3092 tios
318 3037 529 3089 consuli
566 3037 928 3087 declarantur.
997 3040 1071 3087 At
1108 3035 1268 3087 illum
1322 3036 1516 3099 ingens
1567 3046 1700 3084 cura
1744 3038 1989 3096 atque30

266 3187 307 3227 1.
349 3186 589 3223 Vultur-tium
613 3184 664 3223 V.
692 3204 742 3213 ·-
790 3184 851 3221 uta·
874 3183 927 3221 K.
953 3202 1003 3212 ·—
1050 3183 1089 3221 3.
1134 3187 1171 3219 et
1196 3185 1362 3231 accepta
1385 3180 1439 3220 K.
1463 3200 1515 3210 --
1558 3178 1766 3229 firmarent
1789 3180 1838 3218 V.
1867 3202 1910 3211 —

160 3259 199 3299 5,
233 3255 339 3304 Quis
361 3254 414 3295 K.
443 3274 493 3287 -
542 3253 602 3297 15.
630 3252 883 3305 Pomptinio]
909 3252 961 3291 V.
996 3251 1202 3301 Pomptino
1229 3250 1282 3290 K.
1311 3250 1364 3290 G.
1390 3268 1440 3278 ·—
1492 3250 1551 3289 18.
1585 3250 1781 3300 permittit
1813 3247 1910 3291 illie.

162 3326 358 3366 Homines
380 3322 432 3365 V.
462 3345 506 3353 -
556 3320 620 3363 20.
649 3320 824 3359 obsident
846 3320 898 3361 V.
930 3343 972 3352 —
1024 3320 1087 3359 21.
1114 3331 1254 3358 venere
1279 3319 1330 3361 V.
1358 3338 1408 3352 *-
1456 3320 1522 3361 27.
1548 3318 1669 3361 veluti
1693 3317 1742 3359 V.
