2525 3925
860 317 1220 373 cA'HMNA.
1848 320 1907 371 11

165 467 369 519 timens
405 464 714 529 privignum
747 465 936 517 adulta
969 469 1178 529 aetate,
1217 478 1319 529 pro
1352 469 1505 519 certo
1538 466 1781 517 creditur
1813 478 1915 517 ne-

164 559 298 607 cato
335 553 448 605 filio
483 566 715 603 vacuam
749 556 962 607 domum
995 555 1249 606 scelestis
1274 555 1478 617 nuptiis
1500 556 1721 605 fecisse.
1760 550 1915 617 Quae

163 644 380 707 quidem
416 654 508 693 res
539 643 668 693 milii
704 644 758 691 in
795 644 984 707 primis
1013 643 1234 695 videtur
1272 656 1439 693 causa
1460 644 1631 693 fuisse
1652 643 1915 694 facinoris

163 730 489 783 maturandi.
557 730 802 793 Namque
835 732 1044 781 animus
1074 732 1332 796 inpurus,
1385 731 1467 781 dis
1510 731 1915 793 hominibusque

163 820 433 883 infestus,
477 830 654 882 neque
692 817 900 882 vigiliis
935 830 1110 882 neque
1145 821 1414 882 quietibus
1454 820 1637 869 sedari
1671 822 1885 880 poterat
1896 822 1979 883 35·

165 909 250 959 ita
280 909 620 959 conscientia
656 910 890 959 mentem
924 910 1156 959 excitam
1206 910 1483 959 vastabat.
1551 909 1726 971 Igitur
1762 906 1915 958 colos

163 996 494 1061 exsanguis,
548 996 694 1045 foedi
743 994 918 1059 oculi,
969 998 1110 1046 citus
1145 998 1337 1060 modo,
1384 996 1545 1046 modo
1594 998 1783 1045 tardus
1820 996 1913 1045 in-

165 1094 390 1146 cessus3
426 1095 649 1145 prorsus
685 1085 740 1133 in
775 1084 920 1133 facie
954 1084 1211 1146 voltuque
1244 1086 1507 1135 vecordia
1538 1086 1734 1133 inerat.

272 1172 360 1223 16.
411 1171 522 1221 Sed
557 1172 924 1237 iuventutem,
977 1184 1162 1236 quam,
1215 1176 1475 1235 utsupra
1514 1172 1775 1236 diximus,
1826 1173 1917 1221 in-

165 1261 416 1319 lexerat,
448 1258 634 1309 multis
669 1260 842 1311 modis
877 1260 1022 1309 mala
1056 1261 1307 1311 facinora
1342 1260 1625 1311 edocebat.
1682 1260 1767 1309 Ex
1798 1257 1915 1309 illis
1926 1268 1992 1320 10

168 1349 342 1397 testes
375 1348 790 1411 signatoresque
823 1347 996 1399 falsos
1031 1351 1369 1399 commodare
1380 1364 1401 1412 3
1436 1348 1613 1412 fidem,
1648 1350 1917 1412 fortunas,

165 1434 422 1499 pericula
463 1436 602 1485 vilia
649 1437 877 1503 habere,
930 1440 1084 1502 post,
1137 1438 1228 1488 ubi
1274 1450 1459 1487 eorum
1512 1438 1711 1487 samam
1754 1438 1915 1499 atque

167 1522 430 1586 pudorem
477 1525 808 1590 adtriverat,
859 1526 1068 1575 maiora
1115 1524 1230 1575 alia
1273 1526 1576 1587 imperabat
1587 1538 1607 1587 ;
1658 1525 1709 1575 si
1751 1535 1919 1573 causa

165 1611 436 1674 peccandi
483 1613 537 1660 in
590 1624 848 1674 praesens
897 1614 1073 1663 minus
1121 1615 1469 1677 suppetebat,
1521 1612 1695 1663 nihilo
1741 1603 1919 1662 ininus

165 1700 402 1751 insontis
445 1701 612 1751 sicuti
653 1704 828 1751 sontis
871 1703 1293 1765 circumvenire,
1344 1701 1629 1766 iugulare3
1680 1701 1993 1765 scilicet,15

171 1799 246 1837 ne
279 1799 374 1851 per
407 1790 576 1839 otium
611 1792 985 1851 torpescerent
1019 1800 1210 1839 manus
1244 1792 1341 1839 aut
1387 1792 1628 1854 animus,
1674 1788 1919 1853 gratuito

170 1877 354 1940 potius
391 1876 564 1927 malus
602 1880 767 1939 atque
807 1875 1046 1927 crudelis
1081 1880 1218 1929 erat.
1290 1877 1391 1927 His
1425 1877 1616 1927 amicis
1650 1877 1919 1939 sociisque

173 1966 410 2017 confisus
453 1964 722 2032 Catilina,
777 1966 939 2015 simul
985 1967 1128 2030 quod
1174 1978 1271 2016 aes
1318 1965 1557 2016 alienum
1601 1979 1700 2029 per
1746 1967 1921 2018 omnis

173 2059 354 2106 terras
403 2056 596 2120 ingens
641 2058 794 2121 erat,
849 2058 905 2104 et
945 2055 1086 2118 quod
1133 2054 1382 2118 plerique
1434 2053 1649 2106 Sullani
1702 2054 1923 2121 milites,

172 2142 386 2207 largius
417 2156 521 2195 suo
555 2147 656 2210 usi,
691 2146 1002 2207 rapinarum
1039 2145 1096 2194 et
1130 2145 1401 2198 victoriae
1423 2145 1630 2194 veteris
1654 2155 1997 2207 memores20

174 2232 345 2282 civile
385 2231 585 2282 beilum
609 2233 956 2294 exoptabant,
993 2233 1381 2295 opprimundae
1404 2233 1489 2284 rei
1511 2231 1763 2294 publicae
1787 2243 1925 2282 con-

170 2318 356 2372 silium
396 2321 558 2382 cepit.
628 2323 690 2368 In
729 2320 890 2370 ltalia
925 2319 1110 2370 nullus
1149 2322 1425 2370 exercitus
1436 2334 1455 2384 3
1501 2320 1603 2370 Gn.
1641 2320 1925 2383 Pompeius

171 2409 234 2456 in
271 2409 528 2458 extremis
563 2409 725 2460 terris
760 2408 960 2459 bellum
997 2410 1224 2474 gerebat
1239 2423 1260 2472 3
1306 2410 1415 2472 ipsi
1448 2407 1791 2460 consulatum
1822 2421 1924 2470 pe-

174 2495 320 2544 tenti
357 2505 554 2556 magna
599 2507 756 2559 spes3
813 2499 1036 2546 senatus
1083 2497 1218 2550 nihil
1261 2508 1399 2550 sane
1444 2499 1717 2560 intentus3
1772 2501 1925 2546 tutae

173 2581 613 2646 tranquillaeque
659 2595 752 2634 res
801 2597 1015 2648 omnes3
1070 2587 1170 2638 sed
1223 2598 1295 2636 ea
1342 2597 1569 2648 prorsus
1618 2589 1921 2648 opportuna
1932 2604 1998 2655 25

173 2669 463 2722 Catilinae.

283 2759 369 2810 1¹7.
421 2761 601 2826 Igitur
643 2760 868 2810 circiter
911 2761 1186 2812 Kalendas
1219 2763 1437 2826 lunias,
1488 2763 1552 2814 L.
1588 2759 1824 2812 Caesare
1870 2763 1927 2812 et

176 2850 246 2902 G.
278 2847 480 2913 Figulo
515 2847 848 2916 consulibus,
881 2850 1054 2912 primo
1094 2851 1345 2914 singulos
1380 2848 1679 2918 adpellare,
1718 2850 1927 2900 hortari

177 2935 352 3004 alios,
383 2936 530 2988 alios
566 2939 858 3003 temptat&
897 2951 1030 3003 opes
1063 2952 1226 3008 suas,
1259 2941 1563 3004 inparatam
1594 2952 1707 2991 rem
1744 2939 1927 3002 publi-

273 3172 315 3213 8.
339 3169 470 3222 fuisso
494 3183 619 3211 eausa
637 3171 686 3211 V.
712 3191 764 3201 ·—-
797 3172 838 3212 6.
867 3175 1112 3215 conscientia
1133 3175 1327 3216 scelerum
1343 3175 1392 3215 V.
1418 3195 1467 3206 —
1506 3177 1547 3218 Β.
1575 3177 1683 3216 color
1704 3177 1790 3219 eius
1803 3177 1853 3217 V.
1874 3197 1922 3206 -

173 3239 238 3280 10.
265 3239 452 3280 illesa-at
473 3240 606 3280 unuin
629 3239 772 3288 mdis,
797 3241 905 3280 mala
919 3242 974 3284 K.
1001 3263 1050 3272 —
1090 3244 1152 3286 88.
1180 3248 1380 3286 exercitu
1404 3249 1493 3284 erae
1508 3245 1557 3289 V.
1574 3266 1621 3276 —
1649 3244 1723 3286 Gn.
1737 3245 1787 3285 V.
1802 3245 1856 3288 K.
1872 3265 1923 3276 -··

172 3309 235 3357 28.
268 3307 315 3351 C.
345 3309 394 3350 V.
425 3309 480 3351 K.
509 3329 560 3338 —
606 3307 670 3348 u.
693 3308 858 3358 peta-do·
882 3310 935 3350 V.
