2525 3925
637 312 706 362 62
1173 307 1231 360 G.
1265 307 1568 361 SALUSTI
1601 303 1835 359 clusin

635 459 735 509 ille
776 470 908 509 casu
946 458 1253 507 ministrum
1292 456 1530 507 oblatum
1568 456 1853 517 promissis
1893 455 2085 503 onerat
2132 454 2405 515 inpellit-

637 561 772 613 que,
823 550 900 597 uti
935 552 1216 610 tamquam
1252 558 1410 594 suam
1445 548 1633 593 visens
1670 545 1889 593 domum
1926 545 2045 607 eat,
2094 546 2399 604 portarum

637 636 811 687 clavis
861 635 1192 686 adulterinas
1241 637 1401 695 paret
1454 637 1619 692 (nam
1664 644 1833 681 verae
1882 631 1951 679 ad
2000 632 2399 693 Hiempsalem

635 724 1087 787 referebantur);
1143 726 1409 784 ceterum,
1458 722 1548 771 ubi
1583 734 1673 771 res
1711 720 2051 783 postularet,
2100 732 2165 769 se
2204 723 2397 783 ipsum

594 818 764 868 5cum
803 824 1002 877 magua
1051 823 1214 860 manu
1263 813 1569 859 venturum.
1638 810 1875 858 Numida
1927 811 2195 859 mandata
2236 812 2397 860 brevi

635 903 856 954 conficit
889 905 1084 964 atque,
1121 902 1199 948 uti
1236 901 1430 949 doctus
1464 902 1614 960 erat,
1650 901 1815 947 noctu
1852 898 2149 959 Iugurthae
2182 897 2396 947 milites

633 990 946 1039 introducit.
1017 985 1122 1051 Qui
1175 993 1468 1050 postquam
1518 988 1574 1035 in
1625 988 1777 1036 aedis
1828 988 2113 1048 inrupere,
2174 985 2393 1036 divorsi
2486 1010 2488 1013 ⁴

633 1090 822 1148 regem
873 1088 1168 1138 quaerere,
1221 1075 1543 1125 dormientis
1598 1074 1778 1141 alios,
1832 1076 1975 1125 alios
2030 1076 2389 1124 occursantis

633 1165 963 1230 interficere,
999 1166 1238 1213 scrutari
1274 1165 1399 1213 loca
1435 1164 1637 1229 abdita,
1674 1163 1862 1213 clausa
1886 1162 2197 1226 effringere,
2242 1168 2390 1213 stre-

563 1257 627 1308 10
641 1256 754 1317 pitu
792 1256 848 1302 et
885 1253 1117 1303 tumultu
1143 1254 1329 1303 omnia
1364 1254 1617 1315 miscer03
1662 1264 1827 1314 quom
1848 1254 2070 1301 interim
2095 1252 2391 1315 Hiempsal

634 1345 908 1403 reperitur
943 1342 1227 1391 occultans
1262 1353 1387 1390 sese
1424 1344 1642 1404 tugurio
1674 1340 1917 1389 mulieris
1960 1340 2235 1408 ancillae,
2286 1354 2388 1404 quo

633 1432 794 1479 initio
817 1430 1046 1492 pavidus
1080 1434 1138 1479 et
1167 1432 1393 1493 ignarus
1417 1430 1529 1479 loci
1554 1429 1888 1493 perfugerat.
1929 1426 2197 1479 Numidae
2224 1434 2388 1493 caput

635 1520 784 1583 eius,
820 1520 900 1568 uti
936 1520 1072 1569 iussi
1108 1522 1293 1583 erant,
1331 1517 1400 1568 ad
1435 1518 1753 1582 Iugurtham
1786 1518 2050 1570 referunt.

741 1606 828 1679 1⁴3.
880 1606 1132 1657 Ceterum
1173 1608 1323 1655 fama
1358 1608 1496 1656 tanti
1528 1606 1793 1656 facinoris
1828 1617 1929 1668 per
1962 1617 2182 1655 omnem
2226 1608 2386 1657 Afri·

562 1698 624 1749 15
641 1707 763 1746 cam
800 1697 955 1745 brevi
992 1694 1334 1759 divulgatur3
1390 1694 1756 1745 Adherbalem
1792 1696 2103 1757 omnisque,
2148 1698 2248 1757 qui
2288 1698 2381 1746 sub

633 1787 861 1847 imperio
885 1785 1151 1846 Micipsae
1187 1786 1425 1847 fuerant,
1456 1787 1633 1833 metus
1667 1783 1878 1833 invadit
1888 1798 1907 1848 3
1940 1785 1997 1831 in
2032 1784 2167 1832 duas
2206 1786 2383 1845 partis

633 1874 920 1923 discedunt
957 1873 1218 1921 Numidae
1229 1886 1248 1935 ;
1292 1873 1479 1933 plures
1518 1872 2251 1939 Adherbalem·sequuntur‚
2288 1872 2380 1922 sed

634 1960 790 2010 illum
839 1960 1072 2010 alterum
1123 1960 1266 2010 bello
1324 1962 1601 2011 meliores.
1673 1960 1850 2025 Igitur
1894 1960 2159 2024 Iugurtha
2214 1975 2379 2024 quam
2484 2003 2486 2008 .

633 2061 910 2098 maxumas
943 2051 1124 2109 potest
1159 2051 1349 2110 copias
1394 2054 1597 2116 armat,
1655 2051 1804 2101 urbis
1849 2052 2046 2113 partim
2090 2051 2181 2115 vi,
2237 2051 2378 2102 alias

559 2136 923 2188 20voluntate
975 2137 1204 2197 imperio
1255 2150 1355 2187 suo
1407 2137 1684 2205 adiungit,
1741 2141 1892 2189 omni
1938 2139 2225 2188 Numidiae
2278 2142 2379 2190 im-

635 2237 835 2287 perare
859 2227 1036 2285 parat.
1091 2225 1379 2290 Adherbal,
1405 2229 1622 2276 tametsi
1646 2229 1875 2278 Romam
1898 2227 2113 2289 legatos
2134 2229 2378 2294 miserat,
2482 2229 2484 2234 ’

635 2314 730 2376 qui
765 2316 1010 2362 senatum
1047 2313 1305 2363 docerent
1342 2316 1407 2364 de
1443 2316 1609 2365 caede
1643 2316 1835 2365 fratris
1866 2318 1925 2364 et
1958 2315 2196 2365 fortunis
2242 2319 2377 2380 suis,

633 2404 812 2450 tamen
848 2401 1020 2450 fretus
1059 2403 1401 2453 multitudine
1434 2403 1697 2467 militum,
1750 2403 1977 2464 parabat
2022 2405 2189 2453 armis
2244 2417 2375 2456 con-

635 2491 876 2538 tendere.
947 2491 1054 2540 Sed
1110 2491 1200 2540 ubi
1253 2504 1341 2541 res
1393 2491 1462 2542 ad
1516 2495 1791 2542 certamen
1842 2493 2023 2555 venit,
2075 2493 2259 2542 victus
2312 2508 2376 2545 ex

557 2575 624 2627 25
641 2576 852 2639 proelio
889 2579 1132 2641 profugit
1165 2581 1221 2627 in
1258 2580 1601 2640 provinciam
1638 2591 1705 2628 ac
1745 2582 1935 2629 deinde
1968 2580 2204 2630 Romam
2241 2595 2374 2632 cou-

633 2666 820 2716 tendit.
879 2667 1012 2716 'rum
1040 2668 1301 2730 Iugurtha
1324 2670 1554 2729 patratis
1579 2669 1841 2733 censium,
1876 2673 2165 2731 postquam
2202 2673 2373 2721 omnis

633 2755 914 2804 Numidiae
961 2739 1298 2817 potiebatur,
1350 2755 1408 2803 in
1447 2757 1562 2805 otio
1598 2757 1811 2807 facinus
1847 2770 2000 2806 suun
2039 2771 2159 2806 cum
2194 2763 2372 2810 animo

631 2847 920 2904 reputans,
973 2844 1164 2891 timere
1217 2841 1472 2903 populum
1526 2843 1827 2896 Romanum
1876 2858 2053 2908 neque
2106 2848 2370 2899 advorsus

633 2929 770 2976 iram
804 2931 922 2978 eius
961 2941 1186 2992 usquam
1222 2931 1329 2980 nisi
1365 2931 1422 2979 in
1458 2934 1693 2983 avaritia
1725 2933 2025 2986 nobilitatis
2049 2937 2104 2983 et
2140 2941 2370 2998 pecunia

727 3155 765 3192 2.
795 3154 947 3194 domum
970 3158 1100 3194 vicem
1125 3157 1170 3198 V.
1202 3181 1246 3189 —
1296 3159 1332 3198 6.
1361 3158 1535 3209 confecit
1558 3161 1609 3200 K.
1638 3183 1681 3192 —
1732 3168 1777 3200 ue
1800 3163 1853 3202 K.
1884 3185 1927 3196 -
1981 3165 2041 3204 11.
2079 3177 2123 3207 a«
2147 3167 2191 3204 in
2216 3173 2366 3217 eug-erto

633 3222 680 3262 V.
707 3222 760 3260 K.
785 3243 832 3254 —-
885 3223 944 3261 12.
968 3222 1204 3274 profugerat
1228 3227 1281 3266 V.
1309 3249 1353 3257 —
1405 3228 1463 3267 1³.
1490 3233 1533 3266 ul
1556 3229 1607 3268 G.
1636 3250 1681 3261 -
1736 3229 1795 3270 16.
1824 3231 2029 3280 Mic-imao
2052 3235 2218 3282 ima-io
2244 3237 2294 3277 V.
2320 3259 2366 3268 -—

630 3292 694 3330 21.
723 3289 779 3329 Ae
803 3289 1008 3330 Adherbal
1031 3291 1080 3332 V'.
1115 3316 1157 3325 -
1207 3295 1271 3334 ὦ.
1299 3295 1391 3334 dein
1416 3295 1467 3336 V.
1492 3315 1543 3326 ·-·
1591 3297 1655 3338 08.
1684 3300 1789 3336 omna·
1813 3299 2006 3339 Numidia
2031 3300 2082 3341 V.

770 3628 1121 3831 Ἠ
1198 3618 1237 3645 ,.
