2525 3925
607 319 686 379 η
1151 323 1209 377 c.
1247 319 1545 377 suus'ri
1582 297 1807 375 ems'rx

608 478 832 526 senatus
884 484 1007 524 esse
1020 487 1040 538 3
1099 474 1168 524 ab
1217 471 1594 522 adulescentia
1640 470 1720 520 fta
1765 481 1825 520 se
1872 469 2119 534 enisum,
2174 471 2240 520 ut
2297 468 2362 521 ab

608 568 831 626 optumo
868 573 1078 626 quoque
1115 563 1467 623 probaretur3
1507 563 1727 622 virtute,
1762 571 1867 608 non
1904 557 2116 608 malitia
2142 557 2205 606 Ρ.
2236 561 2367 609 Sci—

605 653 773 716 pioni,
809 660 1014 700 summo
1051 651 1205 714 viro,
1241 647 1551 712 placuiss03
1604 649 1670 698 ob
1709 647 1926 698 easdem
1961 649 2098 697 artis
2137 649 2210 698 ab
2250 649 2363 696 Mi-

608 744 791 807 cipsa,
843 749 951 789 non
999 741 1228 800 penuria
1278 737 1605 802 liberorum,
1656 738 1713 784 in
1756 743 1985 800 regnum
2034 737 2361 798 adoptatum

565 835 749 886 5esse.
820 814 1072 879 Ceterum
1119 839 1221 889 quo
1270 827 1427 888 plura
1473 828 1609 876 bene
1646 828 1808 888 atque
1851 829 2072 875 strenue
2111 825 2362 892 fecisset,

604 931 671 969 eo
711 919 944 980 animum
981 927 1132 964 suum
1169 917 1421 964 iniuriam
1454 915 1628 963 minus
1664 913 1938 963 tolerare:
1992 913 2363 964 Adherbalem

605 1006 744 1056 dolis
767 1006 915 1053 vitae
939 1013 1071 1051 suae
1093 1003 1441 1065 insidiatum3
1479 1004 1617 1064 quod
1650 1003 1742 1052 ubi
1768 1003 2124 1065 conperisset,
2148 1001 2361 1052 sceleri

606 1093 722 1142 eius
747 1090 960 1141 obviam
988 1091 1098 1140 isse
1113 1106 1132 1155 3
1170 1090 1422 1153 populum
1446 1091 1743 1139 Romanum
1774 1101 1947 1151 neque
1983 1091 2138 1138 recte
2174 1095 2360 1153 neque

606 1189 703 1243 pro
727 1181 868 1229 bono
889 1179 1182 1241 facturum,
1218 1179 1266 1228 si
1292 1179 1358 1228 ab
1385 1179 1505 1228 iure
1542 1179 1782 1240 gentium
1820 1183 1943 1227 sese
1980 1175 2355 1243 prohibuerit3

532 1275 597 1328 10
613 1271 887 1331 postremo
921 1267 988 1316 de
1027 1267 1275 1316 omnibus
1312 1268 1474 1317 rebus
1507 1265 1723 1328 legatos
1756 1265 1989 1317 Romam
2029 1267 2186 1316 brevi
2224 1269 2360 1316 mis-

604 1364 837 1406 surum.»
909 1357 994 1406 lta
1045 1357 1260 1416 utrique
1304 1355 1704 1418 digrediuntur.
1776 1353 2103 1407 Adherbalis
2160 1353 2358 1418 adpel-

603 1439 753 1494 landi
794 1443 952 1506 eopia
986 1455 1093 1492 non
1127 1443 1244 1492 fuit.

707 1529 801 1584 23.
861 1533 1123 1596 Iugurtha
1173 1529 1262 1582 ubi
1304 1535 1407 1581 eo's’
1455 1532 1995 1583 Africa-decessisse
2042 1535 2199 1582 ratus
2252 1537 2353 1597 est,

601 1631 781 1684 neque
825 1624 1046 1682 propter
1096 1620 1206 1670 loci
1258 1625 1510 1671 naturam
1562 1617 1771 1671 Cirtam
1816 1622 1986 1672 armis
2032 1622 2356 1685 expugnare

528 1721 591 1770 15
605 1714 818 1777 potest,
855 1709 1004 1760 vallo
1041 1712 1208 1772 atque
1246 1711 1399 1762 fossa
1430 1712 1639 1760 moenia
1680 1711 2007 1776 circumdat,
2044 1711 2217 1760 turris
2256 1715 2353 1760 ex-

599 1801 763 1848 struit
799 1810 1002 1860 easque
1038 1797 1324 1860 praesidiis
1360 1799 1559 1865 firmat,
1598 1803 1885 1861 praeterea
1910 1797 2024 1846 dies
2062 1799 2355 1861 noctisque

601 1890 694 1937 aut
729 1899 829 1949 per
861 1890 978 1936 vim
1014 1891 1108 1936 aut
1144 1885 1285 1937 dolls
1329 1890 1631 1951 temptare,
1672 1884 2045 1935 defensoribus
2076 1888 2353 1936 moenium

598 1977 847 2036 praemia
881 1977 1069 2038 modo,
1104 1978 1264 2024 modo
1300 1974 1653 2024 formidinem
1687 1977 1995 2037 ostentare,
2050 1980 2183 2025 suo‘s
2218 1975 2355 2026 hor·

604 2063 764 2111 tando
813 2064 880 2111 ad
933 2064 1190 2111 virtutem
1243 2056 1519 2127 arrigere,
1574 2072 1799 2125 prorsus
1850 2064 2091 2113 intentus
2148 2068 2356 2113 cuncta

523 2148 815 2211 zoparare.
885 2148 1192 2215 Adherbal,
1245 2150 1339 2198 ubi
1380 2150 1653 2214 intellegit
1700 2153 1873 2202 omnis
1922 2161 2049 2200 suas
2080 2150 2355 2203 ‘fortunas

598 2240 654 2287 in
693 2240 936 2287 extremo
972 2239 1124 2301 sitas,
1160 2238 1368 2287 hostem
1404 2239 1695 2302 infestum,
1734 2239 1903 2289 auxili
1939 2250 2085 2302 spem
2122 2238 2353 2305 nullam,

597 2324 824 2388 penuria
861 2331 1046 2374 rerum
1093 2328 1528 2376 necessariarum
1574 2326 1773 2377 bellum
1819 2312 1963 2377 trahi
2008 2331 2116 2376 non
2167 2334 2354 2391 posse,

599 2418 667 2463 ex
701 2414 778 2477 is,
832 2414 922 2477 qui
957 2425 1065 2463 una
1097 2411 1300 2464 Cirtam
1350 2414 1732 2481 profugerant,
1788 2418 1921 2470 duos
1971 2412 2225 2465 maxume
2264 2419 2355 2467 in—

598 2503 786 2565 pigros
813 2500 1056 2567 'delegit3
1113 2514 1209 2552 eos
1251 2503 1424 2553 multa
1456 2501 1763 2565 pollicendo
1801 2512 1868 2554 ae
1906 2492 2213 2555 miserando
2254 2506 2356 2555 ea-

522 2580 587 2641 25
603 2600 724 2640 sum
759 2596 918 2641 suum
957 2590 1269 2653 confirmat,
1311 2592 1389 2639 uti
1420 2602 1517 2653 per
1548 2592 1779 2641 hostium
1818 2592 2143 2641 munitiones
2178 2599 2357 2645 noctu

597 2678 666 2728 ad
704 2686 1016 2741 proxumum
1051 2686 1237 2741 mare,
1274 2677 1397 2726 dein
1435 2678 1668 2729 Romam
1707 2682 2013 2743 pergerent.
2076 2674 2356 2732 Numidae

594 2771 786 2828 paucis
839 2768 1028 2817 diebus
1079 2768 1228 2814 iussa
1290 2764 1568 2830 efficiunt;
1630 2768 1852 2817 litterae
1903 2767 2229 2819 Adherbalis
2295 2770 2354 2820 in

597 2860 792 2903 senatu
831 2840 1135 2919 recitatae,
1180 2863 1411 2915 quarum
1450 2858 1721 2909 sententia
1758 2856 1893 2905 haee
1928 2858 2060 2906 fuit:

700 2940 789 2991 24.
847 2940 1014 2991 «Non
1049 2950 1170 2991 mea
1217 2940 1378 3003 eulpa
1413 2951 1577 3005 saepe
1615 2942 1744 3004 [ad]
1783 2953 1883 2994 vos
1922 2948 2132 2995 oratum
2169 2946 2353 3012 mitto,

695 3109 732 3146 ί.
758 3112 889 3147 aenaea·
914 3110 965 3148 Κ.
997 3131 1043 3143 -
1067 3112 1128 3147 utu·
1150 3110 1204 3152 K.
1231 3130 1274 3141 ·-
1316 3110 1355 3148 3.
1384 3120 1411 3147 a
1436 3110 1485 3148 V.
1514 3110 1566 3151 K.
1598 3132 1645 3145 --
1678 3112 1715 3151 7.
1745 3115 1830 3151 eius
1852 3114 1994 3153 sceleri
2018 3115 2067 3154 V.
2099 3136 2145 3149 υ·
2184 3117 2241 3157 11.
2276 3130 2351 3157 οο-

591 3178 667 3232 pia
691 3174 922 3225 appellandi
947 3176 995 3215 V.
1024 3198 1071 3209 ·-
1099 3179 1157 3217 14.
1188 3184 1372 3237 naturum
1396 3176 1478 3219 loca·
1500 3180 1550 3218 V.
1581 3202 1627 3211 —
1652 3182 1714 3220 21.
1743 3194 1850 3233 spem
1876 3184 2021 3221 auxilii
2045 3180 2091 3221 V.
2118 3204 2163 3215 ·-
2198 3176 2263 3223 1³.
2299 3197 2351 3227 ec

592 3240 654 3293 ic]
681 3240 778 3282 eod.
807 3244 937 3286 Paris.
982 3257 1031 3283 a·
1054 3246 1107 3285 ι’ἑε
1133 3247 1178 3286 V.
1217 3260 1269 3287 a·
1290 3244 1357 3289 lu'a
1394 3247 1445 3292 G.
1472 3246 1526 3291 K.
1556 3270 1602 3285 -
1650 3250 1717 3290 89.
1755 3263 1836 3291 om.
1866 3250 1922 3292 ad
1945 3252 2042 3293 θοὰ.
2072 3250 2209 3293 vatic.
2240 3253 2347 3297 Sino

595 3311 712 3352 unci·
736 3311 786 3351 V.
814 3312 866 3353 G.
890 3310 942 3352 lt.

41 3562 725 3919 A
913 3623 1147 3919 ι’
1390 3489 2507 3919 ‘affl-s
