2525 3925
564 329 642 381 IN
680 330 741 379 L.
772 328 1093 383 simorum
1128 329 1552 385 CATILINAM.
1821 338 1934 391 2⁰⁰

182 474 363 525 firmis
394 476 683 536 praesidiis
718 476 993 543 obsessus,
1031 491 1100 528 ne
1136 490 1482 531 commovere
1507 483 1563 533 te
1590 487 1784 535 contra
1815 496 1933 537 rem

178 562 461 626 publicam
493 566 685 626 possis.
756 565 1048 615 Multorum
1082 570 1137 616 te
1162 570 1328 619 etiam
1365 568 1516 619 oculi
1545 574 1602 621 et
1635 584 1798 623 aures
1821 584 1932 625 non

177 652 543 719 sentientem,
590 654 735 703 sicut
770 653 947 704 adhuc
982 656 1258 722 fecerunt,
1304 656 1732 719 speculabuntur
1765 665 1930 723 atque

180 741 515 791 custodient.
802 780 811 787 .

282 829 387 879 111.
454 829 665 879 Etenim
708 831 833 891 quid
872 833 991 895 est,
1042 829 1310 897 Catilina,
1361 834 1502 895 quod
1541 835 1650 885 iam
1699 836 1929 897 amplius

178 921 500 981 exspectes,
536 919 589 967 si
622 930 801 981 neque
834 930 946 968 nox
982 920 1217 969 tenebris
1261 921 1557 971 obscurare
1605 927 1793 973 coetus
1828 935 1927 973 ne-

178 1006 361 1055 farios
412 1016 515 1053 nec
562 1007 781 1067 privata
832 1007 1019 1056 domus
1070 1009 1370 1069 parietibus
1423 1012 1706 1059 continere
1759 1024 1928 1061 voces

178 1094 578 1143 coniurationis
622 1095 808 1153 [tuae]
852 1087 1077 1155 potest?
1128 1098 1179 1144 si
1226 1095 1600 1163 illustrantur,
1649 1101 1700 1147 si
1745 1110 1926 1150 erum-

176 1183 319 1244 punt
371 1173 594 1231 omnia?
674 1185 830 1232 Muta
879 1183 987 1231 iam
1032 1185 1189 1233 istam
1238 1187 1502 1248 mentem,
1555 1186 1686 1235 mihi
1732 1188 1926 1237 crede:

178 1268 517 1319 obliviscere
547 1270 731 1321 caedis
760 1274 922 1332 atque
950 1272 1338 1321 incendiorum.
1394 1275 1624 1323 'teneris
1655 1276 1924 1337 undique:

176 1358 309 1408 luce
342 1360 473 1407 sunt
518 1358 757 1408 clariora
790 1360 947 1410 nobis
984 1363 1077 1409 tua
1112 1361 1348 1410 consilia
1381 1364 1596 1425 omnia3
1645 1374 1784 1424 quae
1819 1363 1926 1413 iam

176 1457 392 1497 mecum
428 1446 561 1497 licet
594 1459 977 1510 recognoscas.
1058 1450 1427 1499 Meministine
1473 1463 1559 1499 me
1609 1455 1736 1499 ante
1785 1450 1927 1503 diem

178 1535 303 1583 ΧΠ.
343 1533 615 1585 Kalendas
642 1536 982 1587 Novembres
1015 1536 1195 1587 dicere
1230 1539 1290 1587 in
1324 1540 1538 1602 senatu,
1579 1538 1696 1587 fore
1733 1540 1790 1587 in
1829 1536 1966 1590 sir-⁷

178 1624 287 1673 mis
325 1626 474 1673 certo
508 1625 610 1683 die,
648 1626 739 1685 qui
774 1624 889 1674 dies
923 1627 1137 1675 futurus
1174 1630 1322 1675 esset
1356 1629 1482 1676 ante
1513 1626 1654 1676 diem
1681 1628 1772 1677 VI.
1803 1625 1923 1675 Kal.

178 1712 541 1776 Novembres,
579 1709 637 1761 C.
671 1712 955 1779 Manlium,
988 1714 1249 1763 audaciae
1286 1714 1584 1765 satellitem
1623 1717 1786 1775 atque
1824 1715 1923 1763 ad-

182 1802 491 1850 ministrum
528 1791 697 1849 tuae?
768 1801 907 1851 Num
944 1814 1029 1851 me
1063 1801 1284 1864 fefellit,
1325 1800 1580 1864 Catilina,
1622 1812 1733 1849 non
1765 1801 1922 1849 modo

178 1900 269 1938 res
308 1891 478 1949 tanta,
522 1892 631 1939 tam
670 1894 845 1953 atrox,
896 1893 1003 1939 tam
1038 1888 1398 1955 incredibilis,
1441 1901 1649 1951 verum,
1681 1889 1736 1937 id
1775 1886 1922 1951 quod

180 1977 351 2028 multo
387 1979 567 2039 magis
606 1983 691 2028 est
722 1979 1118 2044 admirandum,
1152 1980 1269 2028 dies
1290 1969 1318 2026 ‘9'
1389 1979 1516 2026 Dixi
1553 1989 1658 2042 ego
1689 1975 1828 2026 idem
1868 1978 1922 2026 in

178 2070 375 2116 senatu
426 2066 647 2116 caedem
696 2043 1129 2128 te‘optimatium
1166 2058 1468 2118 contulisse
1513 2067 1572 2114 in
1619 2068 1746 2115 ante
1783 2063 1922 2114 diem

180 2156 249 2206 V.
286 2154 567 2205 Kalendas
597 2157 951 2220 Novembres,
994 2159 1122 2217 tum,
1173 2167 1296 2204 cum
1331 2154 1488 2203 multi
1523 2155 1802 2216 principes
1841 2152 1924 2201 ci-

180 2245 379 2294 vitatis
417 2245 595 2294 Roma
642 2256 749 2292 non
798 2247 907 2292 tam
942 2245 1029 2292 sui
1070 2244 1466 2307 conservandi,
1517 2255 1675 2306 quam
1711 2244 1925 2292 tuorum

182 2332 543 2384 consiliorum
588 2331 1057 2394 reprimendorum
1108 2344 1278 2381 causa
1326 2315 1703 2394 profugerunt.
1783 2329 1924 2379 Num

178 2421 407 2471 infitiari
442 2424 600 2481 potes
640 2424 694 2468 te
730 2419 831 2469 illo
870 2419 989 2480 ipso
1024 2419 1111 2468 die
1140 2421 1276 2468 meis
1307 2419 1614 2480 praesidiis,
1649 2428 1772 2464 mea
1795 2413 1923 2462 dili-

178 2511 371 2574 gentia
418 2507 853 2573 circumclusum,
895 2519 1236 2557 commovere
1275 2512 1330 2554 te
1365 2488 1558 2553 contra
1592 2515 1705 2552 rem
1741 2500 1923 2562 publi-

178 2610 298 2648 cam
336 2609 450 2646 non
484 2596 744 2660 potuisse,
800 2607 921 2644 cum
964 2598 1039 2657 tu,
1089 2593 1334 2644 discessu
1371 2595 1694 2653 ceterorum,
1737 2593 1924 2640 nost-ra

177 2817 392 2855 appr-eum
417 2803 467 2844 K.
510 2804 778 2853 (scribebant
812 2813 1015 2852 opaeum,
1054 2800 1163 2839 unde
1196 2799 1428 2850 corruptela
1461 2796 1720 2848 oppressus.)
1745 2818 1792 2828 —-
1830 2801 1922 2835 luae

179 2876 270 2913 sine
294 2874 415 2912 uncis
444 2873 494 2912 K.
520 2895 563 2903 -
589 2883 691 2923 quae
716 2873 835 2909 oetan
862 2871 915 2910 K.
949 2893 989 2900 -
1029 2868 1076 2918 S.
1104 2869 1142 2908 7.
1174 2869 1448 2906 Kato-dm-
1471 2866 1752 2905 Novembrium
1775 2866 1841 2904 bis
1865 2865 1918 2904 Κ.

276 3045 329 3098 S.
360 3044 398 3085 7.
441 3057 479 3083 a.
510 3043 549 3083 d.
578 3042 678 3084 ΧΠ.
707 3042 801 3082 Kal.
830 3039 960 3092 Nou]
998 3040 1081 3079 Sal.
1112 3052 1147 3079 c.
1176 3040 1238 3078 24.
1269 3059 1317 3066 ——
1352 3039 1464 3076 multa·
1493 3035 1720 3088 principes]
1760 3037 1808 3075 de
1844 3035 1921 3075 hoc

178 3115 283 3156 nihil
306 3114 415 3166 apud
442 3111 675 3150 Salustium.
728 3111 868 3160 Neque
894 3111 998 3148 euim
1025 3121 1074 3148 eo
1101 3109 1241 3147 referri
1269 3111 1419 3158 polest,
1458 3106 1568 3156 quod
1593 3103 1731 3144 senata·
1768 3105 1921 3142 decreto

182 3184 233 3234 Q.
261 3183 451 3224 Mmiua
486 3181 573 3218 Rex
606 3180 824 3226 Faesulae,
869 3178 918 3227 Q.
955 3177 1144 3216 Metellus
1182 3176 1362 3214 Creticus
1399 3176 1440 3213 in
1475 3173 1665 3224 Apuliam
1699 3173 1923 3220 circumque

181 3264 228 3290 ea
260 3252 351 3290 loca
376 3271 423 3282 —
456 3254 657 3298 praetores
690 3246 741 3296 Q.
770 3248 979 3297 Pompeius
1014 3244 1146 3296 Rufus
1180 3243 1384 3292 Capuam,
1430 3241 1481 3290 Q.
1513 3240 1702 3280 Metellus
1733 3240 1847 3278 Celer
1883 3239 1924 3276 in

181 3333 317 3370 aarum
340 3319 535 3360 Picenum
557 3318 670 3357 micui
694 3322 795 3356 eunt.
838 3315 918 3354 Sal.
948 3327 982 3354 c.
1013 3314 1079 3352 30.

1547 3423 1614 3472 14
