2525 3925
860 332 1228 390 launoium
1263 333 1419 385 0111.
1902 336 2005 389 871

259 490 388 531 rum
435 481 662 531 decreto
707 484 938 533 necatae
983 486 1125 531 sunt.
1201 482 1441 533 Gulussa
1486 482 1815 535 Masinissae
1864 482 2009 537 tilius

260 569 609 621 denuntiavit
635 568 972 631 Karthagine
995 569 1242 620 delectus
1276 573 1387 637 agi,
1424 569 1655 621 classem
1678 574 2009 640 comparari,

257 662 320 708 et
359 659 498 707 haud
539 657 754 707 dubium
809 656 1008 707 bellum
1055 660 1210 707 strui.
1282 656 1415 708 Cum
1448 656 1581 708 Cato
1618 661 1905 727 suaderet,
1949 666 2009 714 ut

259 747 335 797 iis
369 745 570 797 bellum
605 746 956 809 indiceretur,
991 744 1048 794 P.
1077 744 1335 797 Cornelio
1370 748 1575 797 Nasica
1616 747 1833 797 dicente
1873 749 2008 799 nihil

168 838 472 885 eostemere
510 832 850 899 faciundum,
905 831 1114 895 placuit
1147 836 1333 885 decem
1381 837 1523 887 mitti
1556 836 1770 899 legatos
1809 836 2047 899 exple-5

258 929 459 975 ratum.
544 922 608 971 L.
659 923 904 973 Licinius
949 922 1248 989 Lucullus,
1302 925 1370 973 A.
1418 923 1723 975 Postumius
1776 924 2006 977 Albinus

259 1011 516 1063 conunes
555 1022 678 1061 cum
716 1009 990 1061 delectum
1025 1024 1224 1061 severe
1261 1017 1492 1076 agerent
1540 1024 1646 1063 nec
1680 1025 2007 1077 quemquam

258 1100 448 1165 gratia
481 1098 846 1165 dimitterent,
899 1101 967 1150 ab
1003 1101 1236 1151 tribunis
1272 1100 1473 1169 plebis,
1526 1104 1621 1165 qui
1666 1115 1767 1165 pro
1814 1104 2007 1153 amicis

259 1188 378 1240 suis
415 1188 756 1239 vacationem
792 1189 1084 1249 impetrare
1120 1201 1230 1239 non
1263 1194 1581 1257 potuerant,
1630 1192 1691 1241 in
1726 1184 2005 1243 carcerem

266 1278 508 1329 coniecti
555 1281 698 1329 sunt.
785 1274 920 1325 Cum
966 1278 1328 1339 Hispaniense
1382 1280 1581 1329 bellum
1634 1292 1822 1341 parum
1874 1281 2083 1343 pro-10

263 1378 428 1428 spere
461 1365 754 1428 aliquoties
801 1370 1020 1429 gestum
1069 1367 1152 1417 ita
1195 1368 1537 1419 confudisset
1576 1371 1853 1419 civitatem
1888 1369 2005 1419 Ro-

263 1466 496 1518 manam,
535 1461 594 1505 ut
627 1467 698 1505 ne
735 1457 776 1505 ii
815 1454 1030 1518 quidem
1069 1457 1463 1523 invenirentur,
1504 1461 1594 1520 qui
1630 1461 1726 1509 aut
1761 1459 2006 1509 tribuna-

263 1549 378 1593 tum
436 1545 754 1605 exciperent
801 1548 897 1594 aut
949 1545 1126 1607 legati
1173 1547 1258 1595 ire
1313 1546 1554 1613 vellent,
1606 1550 1665 1597 P.
1718 1546 2006 1597 Cornelius

259 1630 604 1681 Aemilianus
643 1634 940 1696 processit,
989 1638 1048 1681 et
1081 1636 1437 1695 excepturum
1470 1647 1533 1685 se
1568 1635 1797 1687 militiae
1830 1647 2006 1698 genus

259 1721 618 1783 quodcunque
654 1721 980 1782 imperatum
1012 1724 1160 1771 esset
1193 1722 1475 1783 professus
1508 1725 1626 1785 est3
1679 1734 1787 1785 quo
1816 1735 2000 1773 exem·
2015 1723 2077 1775 15

259 1808 358 1871 plo
393 1820 577 1859 omnes
619 1808 688 1859 ad
731 1809 966 1859 studium
1001 1809 1271 1861 militandi
1306 1811 1623 1861 concitavit.
1694 1811 1758 1859 L.
1798 1811 2004 1863 Lucul-
2071 1858 2075 1863 .

257 1898 351 1949 lus
391 1897 600 1960 consul,
651 1899 744 1962 qui
779 1899 854 1947 Μ.
893 1896 1124 1949 Claudio
1162 1898 1431 1949 Marcello
1468 1901 1829 1963 successerat,
1880 1911 2005 1949 cum

255 1987 542 2038 lacessere
568 1998 755 2038 omnes
779 1986 1106 2038 Celtiberiae
1131 1989 1321 2052 populi
1348 1988 1684 2055 viderentur,
1720 1991 2005 2040 Vaccaeos

259 2079 319 2126 et
356 2071 656 2128 Cantabros
689 2080 747 2126 et
788 2076 928 2127 alias
969 2076 1144 2128 adhuc
1177 2079 1485 2142 incognitas
1528 2080 1779 2129 nationes
1813 2078 1870 2127 in
1905 2078 2004 2128 Hi-

257 2166 456 2228 spania
503 2166 734 2230 subegit.
820 2168 904 2216 Ibi
955 2167 1015 2214 P.
1069 2164 1355 2216 Cornelius
1408 2167 1762 2226 [Africanus]
1815 2165 2083 2229 Scipio20

260 2251 638 2319 Aemilianus,
683 2254 746 2302 L.
780 2253 958 2304 Paulli
993 2253 1168 2320 filius,
1207 2255 1456 2306 Africani
1489 2267 1689 2321 nepos,
1730 2253 1837 2304 sed
1871 2255 2008 2306 ado-

261 2343 466 2406 ptivus,
498 2348 916 2404 provocatorem
943 2342 1228 2392 barbarum
1253 2343 1500 2392 tribunus
1524 2343 1749 2392 militum
1774 2344 1975 2392 occidit
1988 2359 2007 2406 3

258 2433 319 2480 et
351 2431 407 2478 in
445 2432 848 2494 oppugnatione
889 2431 1218 2480 Intercatiae
1261 2430 1409 2478 urbis
1445 2432 1618 2480 maius
1654 2431 1816 2478 etiam
1854 2431 2005 2491 peri-

258 2517 438 2567 eulum
466 2518 600 2567 adiit
617 2533 636 2580 3
672 2529 796 2568 nam
820 2530 1027 2573 murum
1061 2519 1265 2580 primus
1303 2518 1655 2567 transcendit.
1726 2518 1843 2567 Ser.
1872 2517 2003 2567 Sul-

255 2606 437 2668 picius
474 2605 648 2654 Galba
696 2609 919 2668 praetor
967 2605 1113 2654 male
1159 2607 1426 2654 adversus
1460 2607 1753 2654 Lusitanos
1790 2605 2081 2668 pugna-25

256 2695 358 2744 vit.
428 2691 559 2743 Cum
607 2693 778 2758 legati
827 2707 898 2744 ex
941 2695 1135 2744 Africa
1185 2705 1305 2742 cum
1360 2695 1667 2745 oratoribus
1703 2685 2003 2756 Karthagi-

257 2783 531 2832 niensium
578 2785 634 2832 et
677 2782 918 2833 Gulussa
958 2783 1285 2834 Masinissae
1330 2782 1444 2832 filio
1486 2784 1789 2844 redissent,
1847 2780 2002 2830 dice-

259 2875 490 2934 rentque
522 2874 578 2921 et
613 2871 916 2920 exercitum
953 2883 1014 2920 se
1061 2873 1117 2920 et
1165 2870 1397 2920 classem
1435 2871 1769 2934 Karthagine
1804 2870 2005 2930 depre-

259 2960 548 3028 hendisse,
597 2961 882 3024 perrogari
916 2959 1217 3009 sententias
1249 2958 1474 3020 placuit.
1546 2955 1752 3008 Catone
1786 2961 1844 3008 et
1877 2957 2004 3008 aliis

259 3047 598 3110 principibus
632 3049 846 3098 senatui
885 3047 1263 3114 suadentibus,
1313 3049 1375 3096 ut
1419 3047 1475 3097 iu
1511 3046 1759 3098 Africam
1808 3047 1989 3098 confe—
2012 3046 2081 3102 30

355 3256 425 3297 20.
466 3255 689 3307 Africanus
723 3269 816 3330 voc.
848 3263 1112 3310 suspectumt
1150 3256 1291 3307 Scipio
1323 3255 1544 3308 Arra-m·
1577 3259 1751 3300 Bskkor.
1805 3259 1905 3300 vid·
1930 3259 1999 3298 ln-

260 3330 474 3378 mnus.
