2525 3925
613 358 685 407 46
1151 350 1208 404 C.
1245 350 1549 403 SALUS'H
1586 346 1816 401 cmsm

615 516 736 555 cum
785 506 1008 552 strenuo
1057 502 1290 563 virtute,
1346 510 1465 548 cum
1516 498 1761 547 modesto
1807 496 2041 557 pudore,
2095 503 2220 545 cum
2278 496 2379 545 in·-

616 596 849 642 nocente
884 591 1210 641 abstinentia
1256 588 1532 650 certabat,
1587 598 1711 636 esse
1756 597 1911 646 quam
1958 582 2137 633 videri
2184 586 2377 635 bonus

617 681 852 731 malebat
865 696 882 743 3
909 681 984 729 ita
1010 690 1112 741 quo
1139 679 1312 727 minus
1336 676 1553 738 petebat
1575 674 1825 740 gloriam,
1850 684 1917 721 eo
1938 675 2113 736 magis
2138 672 2373 733 [illum]

615 770 956 832 sequebatur.

577 862 608 911 5
724 858 810 907 55.
849 858 1151 919 Postquam,
1187 857 1245 904 nt
1266 855 1395 914 dixi,
1430 856 1651 903 senatus
1690 852 1745 900 in
1775 848 1999 899 Catonis
2032 852 2373 900 sententiam

615 946 896 1011 discessit,
950 943 1138 1009 consul
1183 946 1451 1004 optumum
1488 943 1641 990 factu
1687 944 1866 1003 ratus,
1920 941 2165 1000 noctem,
2195 952 2373 1009 ,quae

615 1034 882 1095 instabat,
917 1035 1262 1092 antecapere,
1306 1042 1375 1079 ne
1407 1030 1529 1091 quid
1570 1040 1637 1078 co
1674 1029 1853 1089 spatio
1896 1032 2222 1092 novaretur,
2258 1030 2372 1077 tri-

620 1122 858 1169 umviros
895 1132 1030 1180 quae
1067 1118 1387 1179 supplicium
1422 1116 1729 1178 postulabat
1766 1128 1961 1178 parare
1994 1117 2175 1179 iubet3
2226 1118 2372 1181 ipse,

620 1207 906 1270 praesidiis
959 1207 1273 1269 dispositis,
1331 1190 1615 1255 Lentulum
1669 1206 1725 1253 in
1782 1216 2055 1253 carcerem
2110 1206 2366 1268 deducit3

545 1298 766 1354 widem
803 1296 860 1345 fit
905 1296 1105 1345 ceteris
1153 1307 1250 1356 per
1296 1298 1594 1357 praetores.
1664 1292 1761 1343 Est
1809 1295 1864 1341 in
1915 1304 2141 1343 carcere
2186 1294 2369 1359 locus,

619 1382 760 1446 quod
798 1384 1102 1433 Tullianum
1145 1383 1483 1447 adpellatur,
1538 1385 1626 1432 ubi
1674 1381 1972 1445 paullulum
2009 1380 2367 1433 descenderis

619 1474 684 1522 ad
741 1473 982 1535 laevam,
1039 1473 1262 1522 circiter
1309 1472 1585 1520 duodecim
1643 1470 1806 1533 pedes
1860 1470 2006 1519 humi
2054 1472 2365 1532 depressus.

619 1562 752 1611 Eum
807 1564 1050 1610 muniunt
1095 1562 1327 1621 undique
1375 1561 1613 1621 parietes
1661 1564 1824 1620 atque
1880 1562 2099 1620 insuper
2144 1572 2367 1611 camera

617 1649 847 1711 lapideis
885 1650 1178 1698 fornicibus
1221 1649 1431 1713 vincta,
1488 1648 1581 1696 sed
1618 1647 1859 1713 incultu,
1898 1650 2157 1715 tenebris,
2194 1650 2367 1699 odore

545 1738 786 1797 15foeda
820 1742 982 1799 atque
1031 1736 1293 1787 terribilis
1342 1738 1459 1785 eius
1509 1735 1681 1785 facies
1726 1741 1823 1785 est.
1896 1736 1956 1784 In
2010 1746 2127 1784 eum
2182 1736 2366 1787 locum

621 1832 897 1891 postquam
941 1826 1202 1876 demissus
1241 1829 1326 1875 est
1361 1825 1653 1889 Lentulus,
1710 1826 1955 1873 vindices
1990 1836 2172 1874 rernm
2212 1828 2367 1889 capi-

619 1916 834 1983 talium,
869 1918 1057 1978 quibus
1094 1918 1436 1979 praeceptum
1475 1919 1623 1979 erat,
1677 1914 1871 1976 laqueo
1907 1913 2088 1976 gulam
2126 1914 2365 1980 fregere.

620 2008 705 2053 Ita
739 2005 837 2053 ille
876 2007 1136 2065 patricius
1173 2016 1241 2052 ex
1278 2011 1440 2067 gente
1477 2003 1797 2054 clarissuma
1828 2001 2229 2069 Corneliorum,
2276 2007 2365 2067 qui

620 2092 909 2141 consulare
943 2093 1220 2152 imperinm
1258 2093 1461 2141 Romae
1508 2092 1798 2158 habuerat,
1852 2091 2069 2154 dignum
2121 2095 2366 2145 moribus

543 2181 886 2242 zofactisque
920 2182 1033 2229 suis
1069 2181 1292 2230 exitium
1328 2181 1477 2229 vitae
1511 2181 1736 2229 invenit.
1806 2181 1889 2230 De
1926 2178 2195 2247 Cethego,
2233 2183 2367 2232 Sta-

619 2269 768 2335 tilio,
823 2268 1088 2335 Gabinio,
1140 2265 1405 2332 Caepario
1440 2270 1628 2318 codem
1664 2271 1821 2318 modo
1854 2269 2179 2333 supplicium
2212 2283 2367 2322 sum-

619 2363 767 2421 ptum
805 2361 903 2408 est.

722 2447 812 2496 56.
851 2447 986 2496 Dum
1023 2459 1092 2497 ea
1125 2447 1331 2496 Romae
1364 2449 1664 2512 geruntur,
1704 2443 1939 2496 Catilina
1975 2459 2045 2497 ex
2078 2449 2226 2498 omni
2264 2463 2367 2500 co-

619 2538 738 2601 pia,
774 2549 928 2599 quam
965 2541 1022 2586 et
1053 2539 1170 2598 ipse
1209 2536 1510 2586 adduxerat
1542 2540 1597 2584 et
1632 2535 1871 2586 Manlius
1910 2537 2193 2604 habuerat,
2228 2537 2367 2589 duas

543 2623 607 2674 25
624 2625 879 2697 legiones
907 2627 1157 2689 instituit,
1196 2625 1435 2673 cohortis
1475 2636 1569 2685 pro
1600 2635 1822 2674 numero
1851 2625 2077 2674 militum
2105 2627 2367 2694 complet,

619 2715 839 2780 deinde,
893 2721 952 2765 ut
997 2716 1222 2775 quisque
1257 2712 1602 2762 voluntarius
1639 2718 1731 2764 aut
1773 2725 1841 2762 ex
1874 2715 2042 2763 sociis
2080 2715 2135 2764 in
2176 2721 2368 2769 castra

617 2808 864 2867 venerat,
902 2802 1206 2865 aequaliter
1232 2803 1600 2869 distribuerat,
1638 2813 1703 2852 ac
1730 2804 1882 2852 brevi
1907 2805 2085 2866 spatio
2110 2803 2367 2868 legiones

715 3010 754 3047 8.
782 3009 948 3056 ylorae'am
970 3008 1128 3058 petebat
1151 3009 1202 3048 V.
1234 3008 1288 3047 K.
1317 3029 1365 3037 -
1400 3010 1525 3056 mayu'ae
1550 3009 1662 3047 {llam
1687 3007 1965 3060 assequebatur
1990 3009 2038 3051 V.
2058 3014 2193 3066 'ma-qis
2220 3025 2365 3064 neque·

619 3076 732 3114 batur
758 3076 809 3115 K.
838 3096 888 3106 -
935 3077 973 3117 5.
1005 3080 1063 3116 uti
1091 3078 1138 3117 V.
1171 3099 1214 3108 —
1263 3077 1301 3116 ⁶.
1324 3074 1479 3128 factum
1505 3077 1557 3117 K.
1585 3098 1633 3106 —
1670 3079 1705 3116 8.
1734 3090 1835 3129 quac
1859 3079 1916 3116 ad
1938 3081 1987 3120 V.
2015 3102 2064 3110 —
2100 3081 2139 3121 9.
2167 3080 2365 3132 depositis

615 3145 830 3196 praesidiis
857 3144 905 3184 V.
947 3145 1151 3196 disposui·
1173 3145 1394 3194 praesidiis
1429 3146 1481 3184 Κ.
1508 3167 1559 3175 -
1608 3145 1671 3185 10.
1710 3149 1850 3185 ceteris
1875 3147 1976 3186 idm
1996 3147 2047 3198 fic
2071 3150 2120 3190 V.
2150 3171 2200 3179 —
2251 3151 2365 3190 bem

618 3217 660 3254 in
683 3225 843 3252 earcere
868 3212 916 3252 V.
945 3213 998 3253 Κ.
1023 3235 1073 3243 -
1111 3214 1170 3252 11.
1200 3213 1425 3252 accenderis
1450 3215 1501 3254 V.
1532 3213 1779 3262 (escenderit
1806 3215 2011 3267 Coi-tius).
2041 3239 2090 3248 --
2136 3219 2185 3257 u
2222 3221 2367 3259 smee-

617 3283 668 3324 Ἴ.
686 3301 735 3312 -
759 3282 908 3320 inculta
933 3282 981 3321 V.
999 3301 1049 3311 —
1069 3283 1134 3322 16.
1164 3281 1315 3320 indices
1344 3281 1391 3322 V.
1407 3301 1458 3312 ...
1484 3283 1543 3323 18.
1574 3297 1623 3322 ex
1647 3281 1881 3322 crarium-m
1903 3291 2014 3335 yeme
2038 3285 2153 3325 K—
2176 3288 2239 3328 ¹0.
2269 3292 2365 3328 eci-

619 3357 698 3391 wm
721 3351 772 3390 V.
804 3371 849 3382 -
898 3351 962 3391 27.
987 3349 1248 3390 diser-ituatur
1272 3349 1373 3389 cod.
1404 3350 1520 3391 Leia.
1546 3353 1580 3391 1.
1612 3351 1664 3392 K.

610 3689 1013 3897 Τὼ,
