2525 3925
537 339 646 391 2¹⁷6
1074 323 1445 383 EPI'I'OMAE
1484 324 1545 376 Τ.
1580 320 1763 376 mvn

542 482 693 533 mani
726 478 1017 542 misissent,
1054 479 1112 527 et
1145 486 1285 526 unus
1320 484 1387 523 ex
1421 472 1492 521 iis
1526 468 1716 520 multis
1750 464 2101 518 cicatricibus
2125 472 2283 526 spar-

543 582 662 622 sum
699 572 864 630 caput
909 565 1164 628 haberet,
1213 561 1358 613 alter
1400 559 1623 623 pedibus
1660 566 1831 621 aeger
1864 556 2039 617 esset,
2092 552 2284 601 tertius

540 658 765 720 ingenio
815 664 1004 706 socors
1038 652 1363 715 haberetur,
1416 647 1555 697 dixit
1590 643 1728 696 Cato
1778 654 1898 693 eam
1952 640 2284 704 legationem

543 759 648 796 nec
689 746 854 806 caput
890 754 993 792 nec
1044 740 1210 803 pedes
1245 748 1349 787 nec
1382 746 1481 785 cor
1518 735 1736 785 habere.
1806 732 1867 781 ln
1904 730 2105 793 syria,
2150 736 2288 790 quae

501 839 612 889 5eo
639 837 876 894 tempore
907 830 1078 893 stirpe
1113 826 1333 891 generis
1365 832 1553 886 parem
1579 820 1700 883 regi
1720 819 2106 877 Macedonum,
2140 816 2291 865 iner-

549 926 628 971 tia
663 920 1022 981 socordiaque
1043 914 1280 967 similem
1306 912 1529 962 Prusiae
1564 918 1749 973 regem
1786 906 2037 971 babebat,
2070 904 2292 954 iacente

547 1022 618 1060 eo
652 1010 706 1057 in
744 1018 923 1072 ganea
961 1009 1020 1055 et
1067 1002 1257 1054 lustris
1292 998 1607 1051 Ammonius
1644 994 1939 1061 regnabat,
1993 1002 2096 1054 per
2132 998 2294 1053 quem

549 1102 610 1145 et
643 1096 802 1145 amici
848 1104 1036 1143 omnes
1079 1078 1228 1153 regis
1274 1090 1331 1138 et
1366 1084 1603 1137 Laodice
1646 1084 1843 1147 regina
1884 1083 1945 1131 et
1979 1078 2293 1141 Antigonus

549 1183 816 1233 Demetrii
862 1178 1007 1230 iilius
1055 1179 1245 1229 occisi.
1318 1174 1611 1226 Masinissa
1644 1170 1933 1222 Numidiae
1976 1178 2079 1219 rex
2114 1152 2359 1217 maior⁶⁰⁶

476 1271 853 1333 iononaginta
906 1267 1063 1320 annis
1115 1264 1380 1327 decessit,
1437 1263 1527 1313 vir
1580 1260 1829 1325 insignis.
1899 1257 2051 1307 Inter
2107 1256 2295 1305 cetera

553 1370 720 1421 opera
770 1354 1062 1418 iuvenilia,
1117 1366 1258 1418 quae
1302 1351 1372 1403 ad
1417 1347 1663 1401 ultimum
1702 1347 1897 1409 edidit,
1954 1344 2093 1396 adeo
2130 1344 2295 1395 eum

552 1458 748 1495 versus
782 1446 838 1493 in
874 1446 1150 1493 senectam
1187 1441 1383 1505 viguit,
1424 1438 1485 1489 ut
1521 1438 1645 1500 post
1678 1436 1888 1485 sextum
1922 1434 1983 1483 et
2014 1431 2295 1495 octogesi-

551 1546 698 1584 mum
749 1543 946 1583 annum
994 1530 1160 1579 fllium
1209 1526 1477 1593 genuerit.
1548 1526 1696 1574 luter
1746 1526 1859 1573 tres
1912 1519 2123 1571 liberos
2162 1520 2297 1583 eius,

553 1623 844 1672 maximum
899 1624 1030 1670 natu
1085 1618 1399 1679 Micipsam,
1456 1612 1778 1674 Gulussam,
1847 1606 2297 1672 Mastanabalem,

462 1712 548 1764 ·15
561 1714 654 1773 qui
681 1712 847 1759 etiam
879 1708 1110 1759 Graecis
1134 1704 1335 1755 litteris
1358 1702 1603 1753 eruditus
1639 1700 1777 1763 erat,
1810 1696 1867 1746 P.
1893 1696 2081 1758 scipio
2111 1694 2296 1747 Aemi-

555 1800 764 1859 lianus,
825 1808 945 1847 cum
999 1804 1288 1843 commune
1340 1792 1421 1841 eis
1474 1794 1631 1851 pater
1678 1796 1912 1851 reguum
1960 1783 2297 1847 reliquisset,

559 1892 616 1936 et
649 1886 894 1934 dividere
930 1893 1026 1933 eos
1061 1883 1269 1931 arbitro
1308 1872 1568 1939 scipiisne
1600 1874 1867 1938 iussisset,
1902 1874 2089 1935 partes
2126 1871 2299 1922 admi-

555 1973 827 2024 nistrandi
853 1971 1011 2034 regni
1043 1968 1247 2018 divisit.
1304 1970 1445 2018 item
1468 1963 1771 2015 Phamaeae
1790 1958 2103 2027 Himilconi,
2136 1971 2301 2023 prae-

557 2063 708 2110 fecto
759 2059 1004 2119 equitum
1057 2053 1625 2119 Karthaginiensium,
1686 2051 1813 2101 viro
1862 2048 1993 2100 forti
2042 2052 2101 2098 et
2146 2048 2301 2098 cuius

483 2137 860 2208 20pr'aecipua
893 2155 1064 2206 opera
1096 2143 1265 2192 Poeni
1302 2140 1625 2205 utebantur,
1658 2138 1957 2201 persuasit,
1992 2139 2055 2188 ut
2084 2136 2157 2187 ad
2190 2137 2303 2186 llo-

557 2242 907 2290 manoscuin
944 2229 1189 2292 equitatu
1234 2240 1335 2278 suo
1378 2228 1655 2278 transiret.
1724 2227 1809 2278 Ex
1862 2226 2035 2277 tribus
2080 2222 2303 2288 legatis,

560 2323 650 2384 qui
697 2320 766 2370 ad
805 2319 1146 2370 Masinissam
1193 2316 1345 2367 missi
1398 2314 1649 2382 fuerant,
1702 2312 1963 2372 claudius
2003 2310 2305 2363 Marcellus

561 2412 751 2460 coorta
790 2409 1118 2469 tempestate
1153 2405 1404 2455 fluctibus
1438 2405 1666 2454 obrutus
1702 2405 1807 2453 est.
1876 2398 2305 2464 Karthaginien-

559 2510 651 2549 ses
689 2492 1077 2546 Hasdrubalem
1114 2492 1437 2542 Masinissae
1468 2492 1746 2554 nepotem,
1798 2500 1959 2551 quem
1994 2493 2303 2550 praetorem

482 2586 860 2644 25babebaut,
914 2579 1235 2643 proditionis
1285 2580 1591 2642 suspectum
1642 2578 1699 2627 in
1746 2577 1902 2628 curia
1945 2573 2305 2638 occiderunt3

562 2684 701 2734 quae
753 2669 994 2732 suspicio
1049 2667 1178 2719 inde
1227 2665 1533 2727 emanavit,
1588 2664 1729 2727 quod
1779 2665 2105 2728 propinquus
2156 2668 2307 2714 esset

562 2759 832 2810 Gulussae
880 2757 1154 2808 Romanos
1203 2754 1410 2806 auxillo
1456 2753 1715 2804 iuvantis.
1791 2752 1847 2806 Ρ.
1880 2752 2069 2815 scipio
2117 2752 2307 2802 Aelni-

563 2848 748 2897 lianus
776 2857 900 2896 cum
935 2844 1265 2894 aedilitatem
1304 2843 1537 2904 peteret,
1578 2840 1771 2892 consul
1808 2852 1843 2891 a
1876 2837 2075 2903 populo
2106 2838 2308 2904 dictus,

565 2935 814 2994 quoniam
873 2944 970 2992 per
1014 2941 1188 2982 annos
1233 2929 1515 2982 consulem
1568 2927 1687 2978 fieri
1740 2939 1848 2982 non
1904 2927 2128 2988 licebat,
2186 2939 2305 2978 cuni

489 3020 763 3081 Somagno
800 3020 1104 3069 certamine
1137 3015 1487 3082 suffragantis
1522 3015 1726 3078 piebis,
1776 3018 1835 3067 et
1874 3016 2309 3078 repugnantibus

563 3103 900 3168 aliquamdiu
938 3107 1211 3168 patribus,
1264 3104 1481 3168 legibus
1515 3103 1729 3155 solutus
1762 3107 1821 3154 et
1857 3101 2046 3153 consul
2087 3105 2311 3152 creatus

564 3197 662 3244 est.
735 3189 820 3242 M?
860 3191 1119 3243 Manilius
1153 3193 1365 3257 aliquot
1410 3192 1573 3244 urbes
1618 3189 2031 3252 circumpositas
2066 3189 2309 3242 Kartha-

564 3281 680 3346 gini
717 3279 1066 3342 expugnavit.
1136 3279 1615 3343 Pseudophilippus
1649 3281 1706 3329 in
1736 3278 2093 3342 Macedonia,
2142 3275 2377 3328 eaesofiffi
