2525 3925
842 369 1208 422 mumolum
1243 368 1398 421 (2111.
1878 373 1985 423 319

241 519 446 567 Brutus
481 517 698 581 legatus
733 514 989 567 Caesaris
1023 516 1081 565 in
1115 514 1302 566 Gallia
1332 514 1661 565 Bellovacos
1709 517 1985 568 rebellan-

242 611 332 654 tes
372 605 583 667 proelio
620 604 770 653 vicit.
1268 616 1281 621 ·

894 722 1127 771 Liber
1179 717 1339 770 CXV.

154 830 234 869 ⁷09
351 823 556 877 Caesar
592 829 851 889 quattuor
890 827 1192 889 triumphos
1228 827 1401 891 duxit,
1432 840 1500 875 ex
1534 826 1734 890 Gallia,
1770 839 1838 877 ex
1874 831 1987 877 Ae-

235 917 436 980 gypto,
479 926 548 963 ex
586 913 776 977 Ponto,
817 926 884 963 ex
919 914 1127 963 Africa.
1197 913 1429 975 Epulum
1465 918 1521 963 et
1560 916 1730 963 omnis
1764 911 2029 978 generis5

238 1000 568 1062 spectacula
597 1001 760 1049 dedit.
810 1003 886 1049 Μ.
906 999 1177 1050 Marcello
1203 999 1499 1065 consulari,
1527 1005 1717 1050 senatu
1743 1005 1989 1065 rogante,
2086 992 2094 997 ’

237 1088 483 1139 reditum
535 1089 843 1151 concessit;
903 1100 1008 1150 quo
1053 1086 1316 1138 beneflcio
1365 1088 1483 1137 eius
1530 1088 1829 1139 Marcellus
1880 1091 1991 1138 frui
2072 1099 2079 1102 ’

237 1187 350 1225 non
388 1176 577 1235 potuit,
615 1187 649 1223 a
685 1173 781 1225 Cn.
805 1175 991 1238 Magio
1028 1173 1219 1225 Cilone
1259 1174 1461 1223 cliente
1494 1188 1596 1224 suo
1632 1176 1855 1225 Athenis
1890 1188 1990 1224 oc-
2016 1185 2029 1193 ·

241 1264 409 1311 cisus.
479 1262 783 1333 Recensutn
825 1264 972 1329 egit,
1027 1274 1129 1325 quo
1179 1274 1346 1311 censa
1392 1265 1517 1311 sunt
1566 1264 1770 1311 civium
1807 1264 1991 1325 capita

241 1353 465 1399 centum
502 1350 889 1411 quinquaginta
923 1350 1088 1399 milia.
1160 1349 1550 1412 Profectusque
1584 1351 1640 1397 in
1671 1350 1984 1411 Hispaniam
2002 1346 2066 1396 10

239 1437 512 1485 adversus
549 1432 643 1483 Cn.
679 1438 1010 1499 Pompeium,
1047 1436 1231 1487 multis
1269 1439 1519 1499 utrinque
1558 1437 1988 1499 expeditionibus

240 1523 412 1573 factis
450 1526 506 1571 et
540 1522 750 1583 aliquot
787 1524 1006 1573 urbibus
1040 1527 1385 1589 expugnatis,
1421 1537 1677 1573 summam
1705 1526 1990 1574 victoriam

244 1621 376 1658 cum
423 1621 624 1671 magno
673 1610 983 1659 discrimine
1027 1612 1093 1660 ad
1130 1612 1387 1661 Mundam
1437 1613 1621 1662 urbem
1669 1614 1992 1660 consecutus

245 1699 353 1745 est.
427 1695 710 1757 Pompeius
745 1697 946 1746 Sextus
981 1696 1188 1759 effugit.

881 1845 1117 1896 Liber
1167 1843 1360 1895 CXVI.
2004 1842 2067 1893 15

361 1959 421 2012 G.
459 1959 663 2012 Caesar
696 1973 764 2012 ex
798 1963 1062 2026 Hispania
1098 1965 1339 2027 quintum
1378 1964 1702 2026 triumphum
1741 1966 1873 2026 egit.
1923 1963 1995 2014 Et

248 2064 377 2102 cum
412 2050 634 2114 plurimi
667 2052 989 2112 maximique
1023 2051 1258 2101 honores
1294 2053 1347 2100 ei
1383 2064 1418 2102 a
1452 2056 1647 2102 senatu
1671 2052 1879 2102 decreti
1903 2063 1995 2101 es-

247 2140 406 2205 sent,
443 2140 584 2187 inter
620 2149 784 2201 quos,
833 2143 926 2188 «ut
959 2143 1119 2200 pater
1152 2140 1368 2201 patriae
1401 2139 1777 2204 appellaretur
1810 2143 1866 2190 et
1900 2151 1995 2190 sa-

245 2231 575 2276 crosanctus
624 2238 690 2275 ac
739 2226 977 2292 dictator
1022 2228 1077 2276 in
1126 2205 1443 2288 perpetuum
1488 2230 1706 2290 esset,»
1757 2227 1998 2277 invidiae

246 2325 472 2364 causam
519 2314 781 2364 adversus
828 2326 948 2363 eum
1001 2317 1351 2376 praestitere,
1402 2317 1545 2376 quod
1588 2316 1803 2363 senatui
1839 2314 1993 2363 ‹lere-
2006 2319 2073 2368 20

246 2402 400 2451 renti
434 2401 532 2450 hos
572 2401 830 2463 honores,
876 2413 994 2450 cum
1031 2403 1158 2451 ante
1194 2401 1380 2450 aedem
1419 2403 1650 2450 Veneris
1688 2401 1996 2450 Genetricis

247 2487 491 2550 sederet,
529 2499 637 2537 non
674 2490 997 2555 assurrexit,
1043 2493 1100 2537 et
1136 2488 1278 2551 quod
1316 2501 1351 2538 a
1386 2488 1462 2537 Μ.
1496 2488 1733 2537 Antonio
1770 2485 1996 2536 consule

250 2574 476 2636 collega
510 2587 638 2636 suo,
688 2575 834 2625 inter
868 2575 1146 2636 Lupercos
1195 2581 1481 2638 currente,
1533 2573 1783 2622 diadema
1828 2574 1997 2634 capiti

250 2673 356 2712 suo
394 2663 702 2724 impositum
736 2661 794 2708 in
829 2661 970 2711 sella
1003 2664 1248 2723 reposuit
1282 2664 1339 2710 et
1380 2661 1518 2723 quod
1543 2660 1735 2722 Epidio
1760 2660 2000 2710 Marullo

256 2753 322 2800 et
358 2746 607 2798 Caesetio
642 2747 818 2798 Flavo
859 2750 1088 2798 tribunis
1128 2748 1301 2812 plebis
1339 2748 1598 2798 invidiam
1633 2749 1688 2797 ei
1722 2750 1993 2809 tamquam
2009 2757 2073 2806 25

249 2849 482 2902 regnum
518 2834 798 2887 affectanti
833 2839 1175 2887 moventibus
1209 2841 1455 2899 potestas
1479 2837 1743 2900 abrogata
1765 2838 1866 2884 est.
1915 2834 1998 2885 Ex

253 2929 330 2975 iis
355 2925 536 2975 causis
572 2924 977 2984 conspiratione
1014 2926 1070 2974 in
1103 2936 1223 2974 eum
1261 2924 1428 2988 facta,
1466 2925 1618 2974 cuius
1655 2924 1841 2984 capita
1874 2923 1999 2972 fue-

355 3125 398 3166 9.
441 3123 690 3174 neeman]
729 3124 973 3162 Aee-nntius
1011 3124 1233 3164 Suetonius
1274 3124 1349 3163 lul.
1386 3125 1461 3166 41:
1508 3123 1726 3162 neces-eam
1759 3124 1896 3172 pomae·
1928 3137 2005 3180 neq

253 3205 368 3233 more
389 3204 464 3230 noc
487 3193 572 3229 loco
597 3191 726 3237 couno,
763 3191 837 3230 ned
857 3194 1022 3231 oseae-‘m
1052 3205 1128 3242 per
1157 3193 1333 3230 dominon
1356 3192 1575 3231 insularum
1601 3194 1694 3240 epit,
1721 3197 1839 3242 aeque
1864 3205 1912 3230 a·
1936 3193 2000 3229 οἱ·

255 3263 361 3310 ςίιιει·
386 3260 646 3307 meantesque
667 3257 821 3298 metibus
845 3261 1124 3310 accipientium
1144 3258 1382 3311 firmentum
1406 3273 1429 3298 e
1448 3259 1605 3308 publico
1630 3259 1686 3298 ad
1708 3265 1859 3298 coaeum
1886 3260 1999 3306 quin-

258 3331 454 3380 quapiam
477 3328 659 3366 retraxit.
