2525 3925
832 309 1249 364 EPISTOLAE.
1813 304 1915 357 107

157 460 410 523 eveniet,
444 459 495 510 si
528 460 831 520 sumptuum
854 459 911 508 et
930 457 1242 519 rapinarum
1277 453 1558 504 licentiam
1581 451 1914 516 dempseris3

157 560 283 605 non
310 547 381 599 ad
406 551 599 597 vetera
616 548 871 597 instituta
890 556 1179 610 revocans,
1216 555 1356 606 quae
1386 544 1491 592 iam
1515 541 1741 604 pridem,
1778 552 1914 591 con-

162 638 353 701 ruptis
375 637 634 702 moribus,
666 633 902 685 ludibrio
926 637 1066 697 ⁴sunt
1075 647 1095 696 3
1133 631 1230 682 sed
1266 633 1318 681 si
1350 643 1501 680 suam
1538 631 1768 692 quoique
1802 640 1914 678 rem

158 724 505 777 familiarem
536 723 695 774 finem
728 725 1033 783 sumptuum
1060 719 1350 770 statueris:
1389 720 1641 780 quoniam
1662 719 1712 766 is
1734 717 1915 766 inces-

162 813 406 880 sitmos,
442 813 502 860 ut
526 811 771 860 homines
803 807 1205 860 adulescentuli
1238 820 1341 860 sua
1374 809 1536 868 atque
1573 803 1756 855 aliena
1779 805 1955 856 con-5

159 912 421 966 sumere,
468 898 605 949 nihil
645 897 874 947 lubidini
908 902 1075 960 atque
1113 895 1242 945 aliis
1287 894 1606 957 rogantibus
1647 892 1917 955 denegare

164 989 610 1050 pulcherrumum
656 987 879 1047 putent:
931 999 1050 1035 eam
1089 985 1352 1033 virtutem
1401 985 1459 1033 et
1496 979 1919 1044 magnitudinem

161 1078 372 1142 animi,
424 1075 681 1138 pudorem
724 1078 893 1137 atque
927 1074 1245 1124 modestiam
1297 1084 1396 1134 pro
1431 1069 1686 1120 socordia
1731 1069 1917 1117 aestu—

161 1165 337 1214 ment.
404 1163 554 1226 Ergo
586 1163 795 1212 animus
829 1162 990 1215 ferox
1014 1173 1189 1224 prava
1207 1160 1303 1209 via
1325 1159 1627 1224 ingressus,
1661 1157 1755 1206 ubi
1783 1166 1918 1205 con-

164 1254 336 1302 sueta
369 1261 478 1300 non
511 1253 833 1315 suppetunt,
880 1251 1059 1303 fertur
1095 1259 1360 1299 accensus
1406 1248 1465 1298 in
1511 1247 1699 1296 socios
1738 1242 1914 1308 modo,
1927 1245 1994 1298 10

171 1339 341 1388 modo
379 1340 437 1388 in
473 1339 643 1388 civisz
693 1339 881 1388 movet
925 1338 1231 1398 composita
1276 1339 1334 1386 et
1367 1347 1458 1386 res
1489 1346 1666 1385 novas
1708 1332 1918 1382 veteri-

168 1426 278 1477 bus
329 1424 583 1489 adquirit.
654 1421 838 1488 Quare
876 1424 1149 1476 tollendus
1195 1428 1282 1476 est
1327 1424 1607 1477 fenerator
1638 1423 1696 1471 in
1729 1422 1918 1483 poste-

168 1525 326 1580 rum,
380 1515 464 1564 uti
507 1526 637 1564 suas
681 1514 909 1576 quisque
953 1526 1045 1571 res
1098 1525 1366 1565 curemus.
1433 1513 1518 1562 Ea
1565 1522 1702 1560 vera
1751 1512 1918 1571 atque

168 1600 411 1666 simplex
440 1603 536 1650 via
566 1602 670 1668 est,
703 1603 1084 1665 magistratum
1113 1601 1333 1669 populo,
1363 1611 1473 1650 non
1503 1598 1782 1662 creditori,
1815 1608 1916 1660 ge-

166 1699 297 1739 rere
313 1703 333 1753 5
368 1693 427 1738 et
446 1689 871 1754 magnitudinem
902 1691 1069 1740 animi
1106 1691 1159 1738 in
1202 1688 1470 1754 addendo,
1502 1697 1613 1736 non
1648 1683 1909 1735 demendo
1926 1685 1989 1735 15

167 1777 259 1829 rei
294 1775 546 1839 publicae
580 1776 887 1827 ostendere.
1673 1838 1681 1842 η

274 1866 453 1928 Atque
486 1874 593 1928 ego
626 1863 776 1930 scio,
823 1875 984 1927 quam
1020 1875 1216 1926 aspera
1248 1865 1386 1914 haec
1421 1875 1511 1913 res
1545 1863 1604 1911 in
1648 1859 1916 1924 principio

171 1951 359 2003 futura
398 1952 498 2017 sit,
547 1953 874 2015 praesertim
906 1953 985 2016 is,
1036 1952 1127 2015 qui
1170 1964 1235 2003 se
1281 1952 1340 2002 in
1384 1952 1622 2002 victoria
1661 1950 1917 2002 licentius

170 2038 505 2103 liberiusque
548 2052 707 2103 quam
740 2041 917 2091 artius
958 2041 1172 2091 futuros
1210 2039 1517 2091 credebant.
1587 2034 1830 2103 Quorum
1867 2040 1918 2088 si

170 2125 343 2179 saluti
387 2129 568 2191 potius
616 2140 773 2191 quam
817 2128 1051 2180 lubidini
1085 2128 1372 2193 consules,
1421 2128 1656 2192 illosque
1701 2127 1994 2191 nosquezo

178 2216 236 2265 et
277 2217 458 2266 socios
502 2216 562 2265 in
606 2229 743 2279 pace
789 2216 945 2270 firma
992 2219 1324 2269 constitues:
1372 2218 1458 2267 sin
1495 2220 1684 2269 eadem
1719 2217 1920 2280 studia,

174 2303 429 2367 artesque
481 2306 754 2356 iuventuti
804 2309 993 2372 erunt,
1042 2318 1149 2357 nae
1201 2308 1314 2357 ista
1359 2308 1588 2371 egregia
1632 2310 1729 2358 tua
1773 2306 1921 2360 fama

182 2389 346 2441 simul
380 2402 500 2442 oum
536 2394 671 2443 urbe
703 2393 877 2443 Roma
921 2395 1078 2445 brevi
1119 2394 1386 2460 concidet.
1453 2394 1734 2445 Postremo
1766 2394 1920 2456 sapi-

178 2478 335 2529 entes
360 2478 513 2539 pacis
524 2489 703 2529 ,causa
723 2480 927 2530 bellum
945 2484 1164 2548 gerunt,
1191 2480 1436 2532 laborem
1453 2494 1551 2543 spe
1575 2482 1676 2533 otii
1697 2484 1918 2532 susten·
2072 2536 2079 2543 ,

156 2566 315 2617 tant.
383 2565 507 2615 Nisi
545 2564 700 2617 illam
739 2565 946 2623 firmam
980 2567 1185 2633 efficis,
1232 2568 1388 2617 vinci
1429 2579 1500 2620 an
1545 2569 1754 2620 vicisse
1789 2566 1992 2631 quinas

174 2645 435 2707 rettulit?
507 2650 690 2717 Quare
737 2667 997 2724 capesse,
1048 2668 1150 2719 per
1196 2659 1360 2722 deos,
1408 2669 1524 2723 rem
1557 2655 1923 2720 publicamet

169 2743 358 2801 omnia
394 2754 620 2807 aspera,
656 2744 738 2795 uti
770 2742 947 2806 soles,
979 2746 1239 2809 pervade.
1307 2746 1549 2813 Namque
1580 2746 1677 2797 aut
1711 2747 1772 2795 tu
1803 2756 1919 2796 me-

178 2830 295 2883 deri
346 2834 535 2899 potes,
582 2834 679 2884 aut
719 2832 1024 2885 omittenda
1070 2836 1157 2884 est
1208 2844 1344 2884 cura
1389 2832 1653 2884 omnibus.
1729 2832 1920 2895 Neque

176 2919 456 2983 qnisquam
490 2921 547 2971 te
580 2918 649 2970 ad
690 2918 931 2971 crudelis
977 2931 1184 2983 poenas
1217 2924 1316 2973 aut
1347 2920 1549 2976 acerba
1593 2918 1800 2980 iudicia
1829 2922 1919 2976 in-

153 3060 562 3098 ,..-....-

274 3156 314 3195 8.
344 3154 535 3206 quoique]
559 3156 608 3195 V.
634 3159 779 3207 cuique
791 3157 841 3197 G.
857 3178 901 3187 —
928 3157 969 3198 9.
993 3162 1233 3196 consue-wear
1246 3157 1363 3207 (sic)
1377 3158 1426 3198 V.
1455 3168 1480 3197 a
1504 3170 1632 3209 pium.
1650 3182 1692 3191 -
1718 3159 1782 3200 11.
1809 3163 1915 3198 vde·

174 3222 285 3263 ribus
308 3222 509 3275 adquirit]
534 3224 584 3263 G.
609 3224 807 3264 veteribus
830 3237 905 3264 aec
928 3228 1130 3275 conquirit
1152 3226 1270 3277 (sic)
1297 3226 1347 3267 V.
1376 3247 1423 3256 —
1448 3228 1512 3268 1⁸.
1539 3226 1733 3269 collem&
1759 3226 1838 3279 ese]
1862 3227 1912 3266 V.

178 3304 258 3332 om.
287 3296 345 3332 en
370 3291 418 3332 G.
445 3311 494 3319 —
545 3292 606 3332 18.
634 3291 694 3345 δι]
718 3292 770 3333 V.
807 3295 860 3336 ae'a‘n
885 3294 937 3334 G.
966 3314 1014 3323 —
1064 3294 1127 3335 22.
1161 3306 1211 3333 ne
1236 3295 1288 3335 V.
