2525 3925
575 280 646 329 32
1117 274 1177 330 G.
1212 276 1513 329 SALUS'H
1551 272 1781 328 CRISPI

574 425 788 477 laetitia
825 424 990 474 simul
1035 436 1407 488 occupavere;
1464 436 1595 474 nam
1639 424 1949 475 laetabatur
1984 422 2331 489 intellegens

579 516 950 566 coniuratione
984 514 1262 576 patefacta
1299 515 1582 565 civitatem
1616 512 1875 576 periculis
1908 516 2155 575 ereptam
2180 526 2333 577 esse,

577 613 743 667 porro
780 604 962 652 autem
997 604 1192 653 anxius
1229 605 1366 668 erat,
1406 604 1675 665 dubitans,
1712 604 1771 651 in
1812 614 2073 651 maxumo
2106 602 2335 653 scelere

579 695 745 742 tantis
785 692 996 742 civibus
1033 692 1415 755 deprehensis,
1457 692 1587 754 quid
1620 693 1768 741 facto
1802 702 1939 753 opus
1976 694 2151 754 esset3
2188 704 2337 753 poe-

541 786 711 836 5nam
746 780 969 831 illorum
1003 781 1107 831 sibi
1143 782 1325 847 oneri,
1360 780 1719 842 inpunitatem
1754 779 2067 841 perdundae
2104 781 2189 830 rei
2222 792 2339 843 pu-

582 870 760 921 blicae
806 869 926 919 fore
976 868 1248 920 credebat.
1321 870 1495 932 Igitur
1540 868 1863 919 confirmato
1906 870 2093 918 animo
2134 872 2337 919 vocari

581 958 651 1009 ad
688 969 812 1007 sese
845 957 994 1007 iubet
1030 956 1351 1021 Lentulum,
1406 954 1737 1020 Cethegum,
1788 958 2099 1020 Statilium,
2154 958 2338 1009 Gabi-

581 1048 763 1109 nium,
817 1046 953 1094 item
1003 1045 1274 1106 quendam
1323 1044 1649 1108 Caeparium
1692 1046 2175 1113 Tarracinensem,
2233 1048 2335 1109 qui

581 1136 640 1184 in
685 1134 944 1196 Apuliam
994 1134 1064 1183 ad
1113 1133 1441 1183 concitanda
1490 1135 1718 1183 servitia
1763 1134 2038 1197 proficisci
2085 1137 2339 1197 parabat.

509 1226 572 1279 10
586 1221 768 1273 Ceteri
805 1224 924 1273 sine
959 1234 1118 1272 mora
1151 1224 1409 1272 veniunt:
1444 1220 1741 1285 Caeparius
1775 1223 1963 1285 paullo
1998 1226 2127 1273 ante
2166 1226 2337 1273 domo

582 1321 842 1375 egressus
877 1313 1097 1374 cognito
1131 1312 1335 1361 indicio
1376 1313 1475 1369 [ex
1512 1313 1677 1371 urbe]
1720 1314 2059 1375 profugerat.
2128 1308 2338 1364 Consul

582 1400 904 1467 Lentulum,
939 1400 1076 1460 quod
1116 1402 1339 1462 praetor
1375 1404 1524 1465 erat,
1570 1404 1689 1462 ipse
1721 1412 1880 1449 manu
1918 1405 2108 1449 tenens
2142 1402 2201 1450 in
2236 1414 2337 1452 se-

583 1492 765 1538 natum
801 1489 1076 1552 perducit3
1113 1488 1357 1550 reliquos
1396 1500 1514 1537 cum
1552 1490 1862 1539 custodibus
1888 1490 1943 1537 iu
1968 1490 2155 1539 aedem
2184 1488 2337 1540 Con-

586 1578 806 1627 cordiae
838 1578 1032 1627 venire
1065 1578 1230 1651 iubet.
1302 1577 1381 1626 Eo
1422 1579 1665 1627 senatum
1714 1572 1980 1641 advocat,
2028 1590 2337 1642 magnaque

510 1670 574 1722 15
589 1668 895 1730 frequentia
929 1668 1046 1716 eius
1082 1667 1317 1731 ordinis,
1368 1666 1710 1717 Volturcium
1758 1678 1878 1716 cum
1920 1666 2121 1730 legatis
2154 1668 2337 1717 intro-

585 1755 766 1821 ducit,
819 1755 1078 1806 Flaccum
1113 1759 1422 1819 praetorem
1458 1757 1714 1805 scrinium
1752 1768 1873 1805 cum
1914 1753 2141 1819 litteris,
2199 1766 2340 1819 quas

584 1857 620 1896 a
653 1844 854 1908 legatis
889 1849 1208 1909 acceperat,
1245 1847 1432 1895 eodem
1466 1844 1687 1895 adferre
1724 1846 1892 1895 iubet.

682 1931 775 1982 47.
830 1934 1152 1984 Volturcius
1181 1938 1555 1998 interrogatus
1592 1935 1659 1983 de
1710 1934 1939 1998 itinere,
1996 1932 2063 1982 de
2106 1932 2338 2002 litteris,

584 2024 856 2084 postremo
893 2021 1018 2082 quid
1055 2001 1292 2083 aut'qua
1324 2023 1391 2071 de
1418 2033 1585 2071 causa
1610 2021 1805 2071 consili
1830 2022 2123 2088 habuisset,
2156 2024 2337 2084 primo

509 2111 576 2164 20
591 2109 798 2172 fingere
835 2108 964 2172 alia,
997 2110 1340 2160 dissimulare
1376 2111 1443 2159 de
1480 2111 1885 2174 coniuratioue3
1922 2112 2061 2175 post,
2098 2111 2187 2160 ubi
2226 2111 2335 2162 fide

583 2197 800 2260 publica
837 2200 1020 2248 dicere
1045 2200 1226 2248 iussus
1261 2201 1365 2262 est,
1401 2201 1596 2262 omnia,
1636 2200 1715 2248 uti
1752 2202 1912 2261 gesta
1946 2202 2122 2266 erant,
2154 2203 2337 2263 aperit

585 2289 850 2350 docetque
885 2299 946 2338 se
987 2287 1176 2349 paucis
1225 2291 1355 2337 ante
1396 2287 1580 2337 diebus
1615 2300 1648 2337 a
1685 2287 1917 2339 Gabinio
1967 2291 2025 2338 et
2060 2284 2336 2351 Caepario

584 2377 789 2426 socium
825 2375 1092 2426 adscitum
1126 2376 1262 2425 nihii
1289 2376 1521 2439 amplius
1556 2377 1703 2426 scire
1728 2388 1884 2438 quam
1914 2376 2134 2440 legatos
2146 2391 2165 2442 3
2206 2382 2338 2429 tan-

587 2465 859 2514 iummodo
895 2467 1084 2515 audire
1118 2465 1337 2516 solitum
1374 2477 1444 2516 ex
1472 2465 1722 2532 Gabinio,
1754 2466 1810 2514 P.
1836 2465 2176 2534 Autronium,
2212 2469 2338 2519 Ser.

510 2555 575 2608 25
593 2554 830 2621 Sullam,
876 2555 940 2604 L.
977 2557 1400 2620 Vargunteium,
1446 2555 1645 2604 multos
1679 2558 1967 2617 praeterea
2000 2557 2058 2604 in
2094 2568 2162 2606 ea
2199 2569 2338 2607 con-

581 2645 853 2694 iuratione
877 2655 1018 2694 esse.
1065 2644 1268 2694 Eadem
1296 2643 1445 2694 Galli
1479 2646 1723 2694 fatentur
1756 2656 1823 2693 ac
1848 2643 2135 2694 Lentulum
2168 2644 2337 2696 dissi-

582 2733 872 2784 mulantem
913 2735 1214 2796 coarguunt
1245 2735 1467 2794 praeter
1511 2733 1727 2783 litteras
1776 2733 2143 2800 sermonibus,
2198 2745 2337 2796 quos

581 2821 684 2870 ille
737 2823 936 2872 babere
985 2820 1182 2872 solitus
1231 2813 1385 2870 erat:
1443 2833 1512 2870 ex
1560 2821 1717 2872 libris
1768 2819 2059 2883 Sibyllinis
2106 2831 2333 2886 regnum

582 2909 786 2958 Romae
821 2911 993 2960 tribus
1033 2907 1307 2960 Corneliis
1341 2909 1594 2972 portendi
1604 2923 1623 2974 3
1662 2903 1885 2959 cinnam
1920 2912 2083 2973 atque
2120 2907 2333 2962 Sullam

679 3087 719 3127 8.
747 3088 917 3139 itemquo
941 3088 992 3128 V.
1021 3088 1075 3130 R.
1102 3107 1152 3117 —
1193 3087 1433 3137 coeperim·
1469 3087 1662 3140 quendam
1691 3087 2009 3126 Terracinensem
2034 3088 2087 3128 Κ.
2116 3088 2331 3139 chm‘tn·

587 3157 908 3196 terracinensem
946 3157 1054 3207 (om.
1095 3157 1315 3208 quaedam)
1352 3157 1405 3196 V.
1432 3177 1483 3185 -
1506 3157 1594 3196 ⁶11.
1634 3169 1683 3194 ea·
1716 3154 1810 3194 υνδε
1847 3157 1934 3195 sine
1968 3157 2086 3196 uncis
2117 3157 2168 3197 V.
2198 3157 2251 3198 K.
2278 3179 2332 3187 —

585 3227 646 3265 12.
676 3225 739 3277 [in
763 3224 963 3276 senatum]
989 3225 1043 3266 Κ.
1075 3249 1115 3260 -
1158 3227 1220 3267 18.
1250 3231 1289 3266 et
1313 3223 1361 3266 do
1385 3223 1528 3266 laeteris
1553 3225 1605 3266 V.
1634 3247 1680 3257 -ν
1718 3223 1785 3266 1⁸.
1813 3236 1855 3263 ee
1878 3226 1982 3264 scire
2006 3225 2057 3266 V.
2082 3247 2131 3255 —
2168 3225 2231 3267 26.
2258 3224 2329 3280 fa-

584 3300 728 3336 tutin.
769 3293 827 3335 Ae
849 3293 900 3335 V.
