2525 3925
601 344 676 397 34
1147 336 1206 390 G.
1237 338 1543 391 SALUSTI
1578 333 1805 389 cnlsm

605 468 950 541 reficeret'et
983 487 1066 537 illi
1103 486 1324 537 facilius
1358 498 1389 536 e
1426 485 1673 549 periculo
1706 485 2061 547 eriperentur.
2118 480 2231 533 Sed
2258 478 2353 533 ubi

605 573 930 642 Tarquinius
957 574 1208 627 Crassum
1233 576 1554 640 nominavit,
1576 576 1842 625 hominem
1864 572 2119 635 nobilem,
2154 583 2354 621 maxu-

603 672 707 719 mis
743 668 966 730 divitiiS,
1001 676 1206 717 summa
1242 666 1503 731 potentia,
1540 665 1636 714 alii
1672 677 1787 715 rem
1820 661 2193 711 incredibilem
2218 660 2351 724 rati,

605 771 733 822 pars
776 758 986 810 tametsi
1027 766 1217 805 verum
1257 755 1685 819 existumabant,
1739 755 1919 801 tamen
1969 752 2095 812 quia
2138 751 2198 799 in
2246 748 2351 799 tali

565 842 856 910 5tempore
880 849 1044 895 tanta
1078 845 1166 893 vis
1202 842 1429 891 hominis
1461 844 1635 905 magis
1665 840 1925 891 leniunda
1959 851 2117 901 quam
2156 838 2353 901 exagi-

606 934 773 987 tanda
824 933 1137 996 videbatur,
1191 932 1437 993 plerique
1476 928 1675 981 Crasso
1712 942 1781 980 ex
1827 929 2063 993 negotiis
2117 928 2351 989 privatis

605 1022 826 1073 obnoxii
862 1020 1205 1071 conclamant
1245 1020 1479 1068 indicem
1526 1018 1721 1068 falsum
1768 1029 1921 1083 esse,
1974 1017 2147 1078 deque
2184 1028 2251 1065 ea
2287 1028 2351 1065 re

605 1109 886 1172 postulant
922 1110 1000 1157 uti
1034 1108 1324 1158 referatur.
1378 1110 1566 1169 Itaque
1602 1106 1917 1156 consulente
1942 1102 2207 1155 Cicerone
2230 1103 2351 1155 ste-

608 1210 776 1261 quens
814 1201 1034 1247 senatus
1072 1196 1335 1261 decernit,
1368 1196 1629 1257 Tarquini
1652 1196 1905 1245 indicium
1929 1194 2126 1243 falsum
2152 1192 2353 1255 videri,

537 1289 839 1348 iocumque
875 1287 928 1333 in
969 1283 1204 1334 vinculis
1239 1286 1595 1348 retinendum,
1630 1295 1804 1345 neque
1838 1282 2068 1345 amplius
2103 1284 2353 1345 potesta-

610 1378 716 1423 tem
765 1374 1102 1439 faciundam,
1157 1374 1262 1422 nisi
1299 1373 1366 1421 de
1413 1386 1479 1422 eo
1528 1372 1827 1435 indicaret,
1876 1374 2065 1435 quoius
2112 1368 2351 1421 consilio

610 1466 813 1511 tantam
863 1473 978 1511 rem
1029 1464 1178 1512 esset
1227 1463 1500 1511 mentitus.
1582 1461 1753 1513 Erant
1808 1474 1873 1525 eo
1929 1464 2209 1524 tempore,
2258 1461 2353 1521 qui

611 1554 1012 1617 aestimarent,
1047 1550 1302 1601 indicium
1338 1548 1474 1599 illud
1508 1562 1543 1601 a
1577 1552 1635 1600 P.
1668 1550 1937 1600 Autronio
1970 1550 2355 1612 machinatum,

609 1653 714 1704 quo
762 1640 982 1690 facilius
1031 1639 1307 1701 adpellato
1362 1637 1562 1689 Crasso
1610 1651 1709 1701 per
1750 1640 2069 1691 societatem
2116 1636 2354 1699 periculi

535 1732 598 1781 15
613 1730 850 1792 reliquos
887 1729 1036 1778 illius
1070 1729 1315 1789 potentia
1351 1730 1578 1791 tegeret.
1647 1727 1761 1777 Alii
1798 1728 2146 1790 Tarquinium
2181 1739 2217 1777 a
2254 1724 2353 1774 Ci-

611 1830 809 1869 cerone
832 1819 1106 1868 inmissum
1139 1818 1375 1881 aiebant,
1414 1830 1485 1867 ne
1511 1814 1742 1867 Crassus
1778 1829 1927 1867 more
1958 1825 2059 1871 suo
2095 1816 2353 1877 suscepto

610 1905 869 1956 malorum
907 1909 1212 1970 patrocinio
1259 1919 1374 1956 rem
1417 1906 1687 1969 publicam
1734 1906 2098 1955 conturbaret.
2170 1906 2354 1968 Ipsum

611 1994 862 2046 Crassum
901 2009 1005 2058 ego
1042 1999 1228 2057 postea
1262 1997 1661 2057 praedicantem
1696 1995 1911 2062 audivi,
1960 1997 2163 2046 tantam
2196 1993 2354 2044 illam

611 2084 989 2134 contumeliam
1025 2086 1129 2134 sibi
1165 2097 1199 2133 a
1240 2081 1504 2134 Cicerone
1536 2085 1841 2148 inpositam.

533 2172 600 2224 20
706 2171 799 2222 49.
835 2174 940 2222 Sed
977 2173 1146 2222 isdem
1181 2174 1511 2236 temporibus
1548 2169 1611 2235 Q.
1648 2169 1871 2223 Catulus
1908 2174 1963 2222 et
2002 2173 2066 2224 G.
2089 2172 2213 2224 Piso
2250 2184 2355 2224 ne-

608 2274 712 2324 que
751 2261 998 2324 precibus
1043 2273 1215 2324 neque
1250 2263 1433 2326 gratia
1479 2274 1652 2324 neque
1697 2263 1873 2323 pretio
1908 2257 2229 2312 Ciceronem
2262 2265 2356 2313 in-

607 2351 814 2413 pellere
851 2354 1106 2415 potuere,
1161 2352 1240 2399 uti
1277 2364 1377 2414 per
1410 2340 1739 2415 Allobroges
1785 2354 1881 2402 aut
1916 2351 2081 2402 alium
2116 2350 2354 2404 iudicem

611 2440 680 2490 G.
729 2435 931 2488 Caesar
978 2439 1118 2488 falso
1170 2441 1559 2490 nominaretur.
1628 2441 1766 2490 Nam
1812 2443 2034 2502 uterque
2084 2453 2203 2490 cum
2248 2441 2353 2492 illo

608 2530 797 2590 gravis
829 2529 1141 2578 inimicitias
1166 2532 1492 2580 exercebat:
1528 2529 1654 2582 Piso
1683 2531 2021 2592 obpugnatus
2056 2530 2114 2579 in
2146 2529 2355 2580 iudIcio

532 2618 597 2669 25
611 2619 958 2680 pecuniarum
1005 2617 1419 2680 repetundarum
1464 2623 1686 2680 propter
1724 2618 2039 2682 quoiusdam
2073 2619 2357 2681 Transpa-

608 2705 736 2756 dani
773 2706 1094 2768 supplicium
1129 2708 1419 2770 iniustum3
1476 2703 1697 2758 Catulus
1734 2720 1803 2758 ex
1836 2710 2097 2770 petitione
2131 2708 2357 2771 pontifi-

609 2800 764 2844 catus
819 2797 944 2846 odio
993 2797 1273 2856 incensus,
1330 2797 1469 2857 quod
1524 2800 1766 2848 extrema
1820 2801 2033 2861 aetate,
2084 2798 2354 2848 maxumis

606 2880 901 2934 honoribus
935 2896 1078 2948 usus,
1118 2886 1185 2935 ab
1219 2883 1629 2935 adulescentulo
1652 2883 1887 2936 Caesare
1924 2887 2103 2937 victus
2138 2887 2354 2938 disces-

708 3069 743 3108 1.
774 3082 854 3108 om.
885 3082 905 3108 e
932 3070 981 3112 V.
1010 3093 1056 3102 —
1107 3072 1145 3111 5.
1175 3083 1254 3111 om.
1284 3075 1409 3121 maqiae
1434 3073 1485 3112 Κ.
1514 3095 1560 3105 -·
1584 3073 1623 3113 6.
1648 3075 1822 3124 privatis
1854 3076 2019 3122 neqotae'e'c
2043 3073 2091 3113 V.
2118 3096 2167 3106 —
2189 3075 2229 3116 ⁷.
2258 3077 2351 3115 el«-

607 3143 714 3178 umnt
739 3137 790 3178 V.
822 3159 868 3170 -
919 3151 1004 3178 esee
1033 3138 1182 3191 saluam
1217 3141 1264 3180 V.
1292 3164 1339 3174 -
1390 3144 1452 3182 18.
1491 3145 1673 3182 mentitus
1710 3147 1810 3181 essee
1854 3141 1909 3182 K.
1932 3165 1979 3174 —
2030 3144 2090 3185 1³.
2128 3147 2351 3184 carisma-

609 3212 696 3246 rent
716 3208 765 3247 V.
782 3207 835 3247 K.
864 3229 909 3238 -
947 3208 1012 3248 16.
1043 3211 1255 3249 immissum
1280 3222 1307 3249 a
1334 3210 1521 3251 cicerone
1546 3212 1596 3251 V.
1627 3231 1674 3244 -·
1712 3211 1774 3250 21.
1806 3221 1887 3250 om.
1919 3223 2043 3262 nequo
2064 3215 2197 3261 qratia
2218 3213 2269 3252 V.
2299 3235 2351 3246 -

605 3277 668 3316 n.
699 3281 768 3334 aut
785 3289 862 3326 per
886 3276 937 3316 K.
966 3298 1011 3307 -
1062 3279 1127 3319 28.
1165 3279 1348 3329 Namque
1372 3279 1423 3320 V.
1453 3301 1499 3312 —
1548 3280 1611 3320 u.
1638 3279 1871 3320 exercebant
1902 3280 1952 3321 V.
1980 3281 2035 3320 K.
2064 3302 2109 3314 -
2158 3280 2221 3322 27.
2252 3293 2351 3322 uuo

605 3347 788 3386 maximia
813 3344 1019 3385 honoribus
1044 3345 1094 3386 V.
