2525 3925
624 338 730 392 212
956 339 1031 389 M.
1067 334 1310 387 'sunm
1351 330 1733 387 CICERONIS
1776 328 2042 384 ORATIO

628 484 926 537 riclitanda
977 486 1061 535 rei
1110 482 1379 547 publicae.
1463 478 1730 545 Quamdiu
1784 481 1910 530 mibi
1961 478 2181 530 consuli
2240 480 2388 529 desi-

630 578 818 641 gnato,
862 570 1116 636 Catilina,
1152 572 1438 623 insidiatus
1462 582 1540 633 es,
1575 582 1684 619 non
1710 569 1928 631 publico
1959 580 2046 618 me
2085 566 2388 631 praesidio,

630 664 729 716 sed
773 664 993 726 privata
1026 661 1313 726 diligentia
1355 660 1587 709 defendi.
1659 656 1792 708 Cum
1838 659 2100 720 proximis
2143 658 2386 706 comitiis

633 752 1011 803 consularibus
1062 762 1149 800 me
1207 748 1484 799 consulem
1535 748 1592 796 in
1647 758 1836 809 campo
1881 748 1938 796 ct
1991 746 2384 807 competitores

632 848 759 891 tuos
796 839 1107 889 interficere
1142 837 1401 903 voluisti,
1455 837 1752 899 compressi
1787 837 2015 885 conatus
2053 839 2182 883 tuos
2225 836 2383 883 nefa·

630 932 745 979 rios
781 929 1078 978 amicorum
1113 926 1390 991 praesidio
1439 928 1496 975 et
1547 926 1748 988 copiis,
1800 922 1954 973 nullo
2003 922 2242 973 tumultu
2282 936 2382 985 pu-

633 1016 777 1067 blice
814 1018 1120 1079 concitat03
1168 1014 1414 1077 denique,
1456 1014 1879 1075 quotiescunque
1915 1022 1998 1061 me
2032 1013 2249 1075 petisti,
2289 1024 2384 1073 per

634 1116 720 1155 me
758 1104 855 1155 tibi
906 1104 1125 1155 obstiti:
1182 1114 1502 1165 quamquam
1549 1102 1802 1150 videbam
1851 1100 2150 1162 perniciem
2202 1112 2380 1149 meam

636 1204 756 1241 cum
805 1203 1001 1255 magna
1054 1190 1362 1241 calamitate
1417 1192 1499 1239 rei
1549 1188 1799 1251 publicae
1845 1200 1967 1237 esse
2016 1189 2380 1237 coniunctam.

563 1270 625 1319 12
639 1280 798 1331 Nunc
830 1282 937 1329 iam
974 1282 1165 1341 aperte
1201 1290 1315 1328 rem
1353 1278 1621 1340 publicam
1657 1278 1966 1326 universam
2005 1278 2186 1338 petis:
2245 1282 2379 1325 tem-

635 1368 730 1430 pla
770 1370 990 1417 deorum
1037 1366 1446 1428 immortalium,
1501 1369 1650 1417 tecta
1686 1366 1866 1430 urbis,
1920 1364 2088 1415 vitam
2143 1367 2379 1415 omnium

638 1457 856 1520 civium,
911 1456 1124 1507 Italiam
1164 1455 1392 1518 denique
1428 1457 1625 1517 totam,
1678 1454 1747 1504 ad
1783 1453 2005 1503 exitium
2042 1464 2111 1502 ac
2150 1455 2380 1503 vastita-

638 1546 746 1594 tem
784 1556 970 1595 vocas.

744 1629 945 1697 Quare,
984 1635 1242 1696 quoniam
1269 1633 1342 1699 id,
1385 1632 1524 1694 quod
1558 1636 1643 1681 est
1677 1631 1912 1693 primum
1947 1637 2004 1681 et
2041 1630 2187 1693 quod
2231 1632 2375 1680 buius

637 1724 852 1785 imperii
901 1723 1330 1784 disciplinaeque
1374 1722 1637 1770 maiorum
1681 1721 1955 1783 proprium
2007 1722 2124 1783 est,
2193 1722 2374 1771 facere

640 1813 875 1861 nondum
912 1811 1105 1877 audeo,
1142 1810 1344 1859 faciam
1384 1810 1456 1874 id,
1507 1810 1648 1871 quod
1685 1812 1768 1858 est
1801 1808 1872 1858 ad
1907 1810 2265 1858 severitatem
2295 1808 2374 1857 le-

638 1901 762 1948 nius
800 1902 855 1948 et
890 1899 957 1948 ad
996 1909 1333 1947 communem
1373 1897 1608 1947 salutem
1647 1895 1847 1945 utilius.
1919 1897 2074 1958 Nam,
2119 1899 2169 1945 si
2207 1901 2262 1946 te
2293 1900 2372 1945 in-

640 1987 821 2036 terfici
853 1989 1083 2053 iussero,
1131 1987 1394 2045 residebit,
1427 1988 1483 2035 in
1520 1997 1580 2035 re
1613 1986 1834 2047 publica
1871 1985 2084 2047 reliqua
2124 1989 2375 2037 coniura-

640 2077 816 2123 torum
841 2085 1063 2136 manus;
1101 2075 1185 2122 sin
1212 2076 1286 2136 tu,
1325 2075 1462 2136 quod
1499 2077 1552 2123 te
1586 2074 1891 2122 iamdudum
1915 2074 2127 2140 hortor,
2161 2075 2376 2138 exieris,

642 2159 992 2210 exhaurietur
1026 2173 1096 2209 ex
1133 2163 1268 2211 urbe
1315 2165 1528 2210 tuorum
1577 2163 1826 2211 comitum
1869 2173 2068 2224 magna
2103 2165 2162 2212 et
2196 2165 2378 2224 perni-

564 2245 799 2297 13ciosa
841 2249 1059 2297 sentina
1104 2249 1188 2297 rei
1237 2247 1502 2310 publicae.
1575 2245 1715 2312 Quid
1758 2253 1868 2315 est,
1917 2242 2205 2300 Catilina?
2257 2263 2375 2300 num

642 2336 855 2386 dubitas
895 2337 949 2384 id
998 2348 1087 2385 me
1128 2337 1430 2398 imperante
1479 2339 1695 2401 facere,
1743 2339 1880 2400 quod
1916 2339 2022 2387 iam
2061 2343 2158 2389 tua
2193 2345 2380 2401 sponte

642 2417 931 2476 faciebas?
1001 2425 1167 2475 Exire
1204 2437 1272 2475 ex
1308 2426 1440 2478 urbe
1485 2426 1638 2475 iubet
1681 2425 1870 2475 consul
1907 2426 2132 2476 hostem.
2205 2423 2382 2477 luter·

640 2526 809 2577 rogas
854 2526 971 2581 me,
1019 2525 1148 2564 num
1192 2515 1249 2563 in
1295 2507 1562 2565 exilium?
1633 2514 1758 2564 Non
1798 2515 1991 2564 iubeot
2047 2517 2146 2564 sed
2197 2518 2250 2566 si
2297 2529 2382 2566 me

644 2601 915 2667 consum,
951 2604 1172 2653 suadeo.

748 2693 843 2741 vl.
898 2687 1038 2754 Quid
1076 2695 1161 2742 est
1195 2691 1366 2756 euim,
1423 2688 1689 2754 Catilina,
1743 2691 1881 2752 quod
1925 2695 1980 2740 te
2023 2694 2132 2741 iam
2179 2694 2238 2742 in
2289 2695 2386 2742 bac

644 2782 777 2832 urbe
828 2779 1102 2830 delectare
1146 2771 1365 2842 possit?
1417 2781 1475 2829 in
1523 2793 1627 2841 qua
1677 2789 1833 2830 nemo
1883 2785 1968 2830 est
2016 2783 2178 2832 extra
2227 2783 2384 2832 istam

744 2980 794 3030 S.
824 2982 887 3023 ii.
922 2984 1116 3032 proximis
1140 2981 1333 3032 comiciis]
1361 2993 1462 3033 quae
1487 2982 1624 3022 habits
1649 2988 1746 3022 sunt
1767 2983 1876 3025 iuter
1902 2994 1939 3023 a.
1965 2984 2005 3022 d.
2031 2984 2127 3023 xil.
2153 2984 2250 3026 Kal.
2277 2986 2384 3026 Nor.

645 3053 687 3087 ct
711 3047 819 3088 Non.
848 3048 958 3090 Nov.
1011 3052 1071 3088 De
1102 3051 1157 3089 iis
1182 3051 1257 3091 err.
1283 3050 1387 3090 Suu.
1418 3049 1461 3100 8.
1486 3050 1550 3091 Μ.
1579 3057 1620 3089 ct
1645 3051 1802 3090 Μαι-οη.
1831 3063 1866 3089 ο.
1897 3051 1959 3090 25.
1991 3057 2032 3090 et
2055 3052 2118 3091 26.
2177 3053 2390 3104 Competi-

645 3121 757 3154 tores
783 3116 945 3156 fuerunt
967 3118 1017 3157 D.
1047 3119 1189 3157 iunius
1214 3119 1380 3158 Silanus
1405 3125 1446 3157 et
1473 3118 1520 3157 L.
1547 3119 1729 3158 Licinius
1754 3119 1937 3160 Murena.
1991 3121 2050 3159 De
2075 3119 2268 3170 insidiis,
2296 3127 2386 3172 qui-

648 3185 722 3222 bua
758 3183 903 3222 eicere
940 3185 1092 3234 petitus
1134 3191 1221 3235 ost,
1257 3185 1341 3226 Sal.
1371 3197 1408 3226 c.
1437 3186 1500 3226 86.
1555 3185 1621 3224 Ad
1656 3197 1696 3226 v.
1733 3191 1884 3225 tuorum
1919 3189 2104 3228 comicum
2129 3209 2150 3218 -
2179 3209 2200 3219 -
2232 3193 2388 3228 sarcina

643 3254 746 3300 reip.
778 3252 853 3292 cst.
876 3250 963 3293 Sal.
992 3265 1029 3292 c.
1056 3253 1119 3292 87.
1148 3266 1279 3292 onmes
1304 3267 1400 3304 quoe
1431 3255 1628 3303 flaye'te'um
1663 3261 1734 3294 aue
1764 3253 1924 3304 facium
1950 3255 2060 3296 domo
2088 3258 2317 3306 capulent,
2358 3261 2389 3296 ἡ·

646 3318 813 3358 Romam
840 3321 943 3359 sicut
976 3322 1017 3358 2‘n
1054 3322 1312 3360 sentinam
1347 3324 1628 3370 conflua-erant.
