<?xml version="1.0" encoding="UTF-8"?>
<!DOCTYPE html PUBLIC "-//W3C//DTD XHTML 1.0 Transitional//EN"
    "http://www.w3.org/TR/xhtml1/DTD/xhtml1-transitional.dtd">
<html xmlns="http://www.w3.org/1999/xhtml" xml:lang="en" lang="en">
 <head>
  <title>
</title>
<meta http-equiv="Content-Type" content="text/html;charset=utf-8" />
  <meta name='ocr-system' content='tesseract 3.04.00' />
  <meta name='ocr-capabilities' content='ocr_page ocr_carea ocr_par ocr_line ocrx_word'/>
</head>
<body>
  <div class='ocr_page' id='page_1' title='image "./catilinaetiugur00livygoog_0144.png"; bbox 0 0 2525 3925; ppageno 0'>
   <div class='ocr_carea' id='block_1_1' title="bbox 630 308 1840 375">
    <p class='ocr_par' dir='ltr' id='par_1_1' title="bbox 630 308 1840 375">
     <span class='ocr_line' id='line_1_1' title="bbox 630 308 1840 375; baseline 0 -1"><span class='ocrx_word' id='word_1_1' title='bbox 630 324 737 374; x_wconf 73' lang='lat' dir='ltr'><strong>iss</strong></span> <span class='ocrx_word' id='word_1_2' title='bbox 1175 321 1237 375; x_wconf 77' lang='lat' dir='ltr'><strong>c·</strong></span> <span class='ocrx_word' id='word_1_3' title='bbox 1274 308 1572 375; x_wconf 61' lang='lat' dir='ltr'><strong>sanuszm</strong></span> <span class='ocrx_word' id='word_1_4' title='bbox 1609 318 1840 374; x_wconf 72' lang='lat' dir='ltr'><strong>omem</strong></span> 
     </span>
    </p>
   </div>
   <div class='ocr_carea' id='block_1_2' title="bbox 544 466 2383 3016">
    <p class='ocr_par' dir='ltr' id='par_1_2' title="bbox 544 466 2383 3016">
     <span class='ocr_line' id='line_1_2' title="bbox 628 466 2383 531; baseline -0.002 -11"><span class='ocrx_word' id='word_1_5' title='bbox 628 470 925 531; x_wconf 82' lang='lat' dir='ltr'><strong>triumphos</strong></span> <span class='ocrx_word' id='word_1_6' title='bbox 972 472 1066 523; x_wconf 84' lang='lat' dir='ltr'><strong>aut</strong></span> <span class='ocrx_word' id='word_1_7' title='bbox 1115 468 1433 520; x_wconf 84' lang='lat' dir='ltr'><strong>consulatus</strong></span> <span class='ocrx_word' id='word_1_8' title='bbox 1482 470 1747 520; x_wconf 86' lang='lat' dir='ltr'><strong>maiorum</strong></span> <span class='ocrx_word' id='word_1_9' title='bbox 1788 466 2029 519; x_wconf 84' lang='lat' dir='ltr'><strong>meor&#39;um</strong></span> <span class='ocrx_word' id='word_1_10' title='bbox 2079 470 2383 531; x_wconf 83' lang='lat' dir='ltr'><strong>ostentare,</strong></span> 
     </span>
     <span class='ocr_line' id='line_1_3' title="bbox 626 556 2383 627; baseline -0.002 -19"><span class='ocrx_word' id='word_1_11' title='bbox 626 561 718 624; x_wconf 82' lang='lat' dir='ltr'><strong>at,</strong></span> <span class='ocrx_word' id='word_1_12' title='bbox 770 560 816 607; x_wconf 84' lang='lat' dir='ltr'><strong>si</strong></span> <span class='ocrx_word' id='word_1_13' title='bbox 856 570 948 608; x_wconf 81' lang='lat' dir='ltr'><strong>res</strong></span> <span class='ocrx_word' id='word_1_14' title='bbox 988 558 1255 623; x_wconf 79' lang='lat' dir='ltr'><strong>postulet,</strong></span> <span class='ocrx_word' id='word_1_15' title='bbox 1310 558 1522 627; x_wconf 83' lang='lat' dir='ltr'><strong>hastas,</strong></span> <span class='ocrx_word' id='word_1_16' title='bbox 1573 557 1872 621; x_wconf 83' lang='lat' dir='ltr'><strong>vexillum,</strong></span> <span class='ocrx_word' id='word_1_17' title='bbox 1924 556 2215 620; x_wconf 75' lang='lat' dir='ltr'><strong>phaleras,</strong></span> <span class='ocrx_word' id='word_1_18' title='bbox 2274 556 2383 606; x_wconf 83' lang='lat' dir='ltr'><strong>alia</strong></span> 
     </span>
     <span class='ocr_line' id='line_1_4' title="bbox 624 645 2379 712; baseline -0.001 -16"><span class='ocrx_word' id='word_1_19' title='bbox 624 646 885 697; x_wconf 86' lang='lat' dir='ltr'><strong>militaria</strong></span> <span class='ocrx_word' id='word_1_20' title='bbox 934 647 1103 712; x_wconf 84' lang='lat' dir='ltr'><strong>dona,</strong></span> <span class='ocrx_word' id='word_1_21' title='bbox 1157 648 1449 709; x_wconf 79' lang='lat' dir='ltr'><strong>praeterea</strong></span> <span class='ocrx_word' id='word_1_22' title='bbox 1499 645 1788 697; x_wconf 79' lang='lat' dir='ltr'><strong>cicatrices</strong></span> <span class='ocrx_word' id='word_1_23' title='bbox 1839 648 2074 697; x_wconf 84' lang='lat' dir='ltr'><strong>advorso</strong></span> <span class='ocrx_word' id='word_1_24' title='bbox 2130 656 2379 708; x_wconf 87' lang='lat' dir='ltr'><strong>corpore.</strong></span> 
     </span>
     <span class='ocr_line' id='line_1_5' title="bbox 624 733 2381 801; baseline -0.001 -16"><span class='ocrx_word' id='word_1_25' title='bbox 624 736 741 785; x_wconf 82' lang='lat' dir='ltr'><strong>Hae</strong></span> <span class='ocrx_word' id='word_1_26' title='bbox 776 740 902 786; x_wconf 90' lang='lat' dir='ltr'><strong>sunt</strong></span> <span class='ocrx_word' id='word_1_27' title='bbox 938 746 1089 786; x_wconf 87' lang='lat' dir='ltr'><strong>meae</strong></span> <span class='ocrx_word' id='word_1_28' title='bbox 1124 736 1410 801; x_wconf 86' lang='lat' dir='ltr'><strong>imagines,</strong></span> <span class='ocrx_word' id='word_1_29' title='bbox 1446 736 1582 785; x_wconf 85' lang='lat' dir='ltr'><strong>haec</strong></span> <span class='ocrx_word' id='word_1_30' title='bbox 1612 736 1885 798; x_wconf 70' lang='lat' dir='ltr'><strong>nobilitas,</strong></span> <span class='ocrx_word' id='word_1_31' title='bbox 1926 746 2033 784; x_wconf 89' lang='lat' dir='ltr'><strong>non</strong></span> <span class='ocrx_word' id='word_1_32' title='bbox 2070 733 2381 785; x_wconf 81' lang='lat' dir='ltr'><strong>hereditate</strong></span> 
     </span>
     <span class='ocr_line' id='line_1_6' title="bbox 582 822 2382 889; baseline -0.003 -12"><span class='ocrx_word' id='word_1_33' title='bbox 582 825 842 889; x_wconf 89' lang='lat' dir='ltr'><strong>5relicta,</strong></span> <span class='ocrx_word' id='word_1_34' title='bbox 879 828 939 875; x_wconf 89' lang='lat' dir='ltr'><strong>ut</strong></span> <span class='ocrx_word' id='word_1_35' title='bbox 962 824 1061 875; x_wconf 84' lang='lat' dir='ltr'><strong>illa</strong></span> <span class='ocrx_word' id='word_1_36' title='bbox 1084 823 1215 889; x_wconf 88' lang='lat' dir='ltr'><strong>illis,</strong></span> <span class='ocrx_word' id='word_1_37' title='bbox 1256 823 1354 873; x_wconf 78' lang='lat' dir='ltr'><strong>sed</strong></span> <span class='ocrx_word' id='word_1_38' title='bbox 1388 836 1529 887; x_wconf 83' lang='lat' dir='ltr'><strong>quae</strong></span> <span class='ocrx_word' id='word_1_39' title='bbox 1559 826 1775 888; x_wconf 83' lang='lat' dir='ltr'><strong>egomet</strong></span> <span class='ocrx_word' id='word_1_40' title='bbox 1809 824 2058 887; x_wconf 75' lang='lat' dir='ltr'><strong>plurimis</strong></span> <span class='ocrx_word' id='word_1_41' title='bbox 2093 822 2382 874; x_wconf 72' lang='lat' dir='ltr'><strong>laboribus</strong></span> 
     </span>
     <span class='ocr_line' id='line_1_7' title="bbox 626 911 2380 976; baseline -0.001 -13"><span class='ocrx_word' id='word_1_42' title='bbox 626 918 683 963; x_wconf 87' lang='lat' dir='ltr'><strong>et</strong></span> <span class='ocrx_word' id='word_1_43' title='bbox 726 913 987 976; x_wconf 87' lang='lat' dir='ltr'><strong>periculis</strong></span> <span class='ocrx_word' id='word_1_44' title='bbox 1034 912 1300 976; x_wconf 84' lang='lat' dir='ltr'><strong>quaesivi.</strong></span> <span class='ocrx_word' id='word_1_45' title='bbox 1369 914 1493 963; x_wconf 86' lang='lat' dir='ltr'><strong>Non</strong></span> <span class='ocrx_word' id='word_1_46' title='bbox 1532 914 1660 961; x_wconf 87' lang='lat' dir='ltr'><strong>sunt</strong></span> <span class='ocrx_word' id='word_1_47' title='bbox 1695 912 1977 975; x_wconf 85' lang='lat' dir='ltr'><strong>conposita</strong></span> <span class='ocrx_word' id='word_1_48' title='bbox 2013 922 2140 961; x_wconf 87' lang='lat' dir='ltr'><strong>mea</strong></span> <span class='ocrx_word' id='word_1_49' title='bbox 2175 911 2380 973; x_wconf 80' lang='lat' dir='ltr'><strong>verba3</strong></span> 
     </span>
     <span class='ocr_line' id='line_1_8' title="bbox 626 999 2382 1064; baseline -0.002 -13"><span class='ocrx_word' id='word_1_50' title='bbox 626 1014 816 1063; x_wconf 88' lang='lat' dir='ltr'><strong>parum</strong></span> <span class='ocrx_word' id='word_1_51' title='bbox 852 1003 905 1051; x_wconf 91' lang='lat' dir='ltr'><strong>id</strong></span> <span class='ocrx_word' id='word_1_52' title='bbox 944 1001 1121 1064; x_wconf 76' lang='lat' dir='ltr'><strong>facio;</strong></span> <span class='ocrx_word' id='word_1_53' title='bbox 1160 1003 1282 1063; x_wconf 80' lang='lat' dir='ltr'><strong>ipsa</strong></span> <span class='ocrx_word' id='word_1_54' title='bbox 1317 1012 1378 1050; x_wconf 90' lang='lat' dir='ltr'><strong>se</strong></span> <span class='ocrx_word' id='word_1_55' title='bbox 1412 1001 1592 1051; x_wconf 84' lang='lat' dir='ltr'><strong>virtus</strong></span> <span class='ocrx_word' id='word_1_56' title='bbox 1627 1002 1763 1051; x_wconf 84' lang='lat' dir='ltr'><strong>satis</strong></span> <span class='ocrx_word' id='word_1_57' title='bbox 1796 999 2060 1063; x_wconf 82' lang='lat' dir='ltr'><strong>ostendit3</strong></span> <span class='ocrx_word' id='word_1_58' title='bbox 2097 999 2222 1050; x_wconf 81' lang='lat' dir='ltr'><strong>illis</strong></span> <span class='ocrx_word' id='word_1_59' title='bbox 2247 1000 2382 1051; x_wconf 80' lang='lat' dir='ltr'><strong>arti-</strong></span> 
     </span>
     <span class='ocr_line' id='line_1_9' title="bbox 623 1089 2382 1156; baseline -0.001 -18"><span class='ocrx_word' id='word_1_60' title='bbox 623 1090 749 1139; x_wconf 82' lang='lat' dir='ltr'><strong>ficio</strong></span> <span class='ocrx_word' id='word_1_61' title='bbox 788 1102 923 1151; x_wconf 91' lang='lat' dir='ltr'><strong>opus</strong></span> <span class='ocrx_word' id='word_1_62' title='bbox 960 1092 1071 1156; x_wconf 88' lang='lat' dir='ltr'><strong>est,</strong></span> <span class='ocrx_word' id='word_1_63' title='bbox 1114 1094 1173 1139; x_wconf 87' lang='lat' dir='ltr'><strong>ut</strong></span> <span class='ocrx_word' id='word_1_64' title='bbox 1217 1091 1400 1152; x_wconf 85' lang='lat' dir='ltr'><strong>turpia</strong></span> <span class='ocrx_word' id='word_1_65' title='bbox 1433 1089 1584 1139; x_wconf 77' lang='lat' dir='ltr'><strong>facta</strong></span> <span class='ocrx_word' id='word_1_66' title='bbox 1619 1091 1868 1139; x_wconf 84' lang='lat' dir='ltr'><strong>oratione</strong></span> <span class='ocrx_word' id='word_1_67' title='bbox 1905 1091 2115 1153; x_wconf 84' lang='lat' dir='ltr'><strong>tegant.</strong></span> <span class='ocrx_word' id='word_1_68' title='bbox 2189 1089 2382 1152; x_wconf 82' lang='lat' dir='ltr'>Neque</span> 
     </span>
     <span class='ocr_line' id='line_1_10' title="bbox 627 1170 2381 1242; baseline 0.001 -17"><span class='ocrx_word' id='word_1_69' title='bbox 627 1176 844 1228; x_wconf 79' lang='lat' dir='ltr'><strong>litteras</strong></span> <span class='ocrx_word' id='word_1_70' title='bbox 892 1170 1141 1229; x_wconf 78' lang='lat' dir='ltr'><strong>Graecas</strong></span> <span class='ocrx_word' id='word_1_71' title='bbox 1190 1179 1392 1242; x_wconf 79' lang='lat' dir='ltr'><strong>didici3</strong></span> <span class='ocrx_word' id='word_1_72' title='bbox 1450 1189 1638 1241; x_wconf 87' lang='lat' dir='ltr'><strong>parum</strong></span> <span class='ocrx_word' id='word_1_73' title='bbox 1690 1177 1946 1241; x_wconf 78' lang='lat' dir='ltr'><strong>placebat</strong></span> <span class='ocrx_word' id='word_1_74' title='bbox 1993 1189 2088 1228; x_wconf 87' lang='lat' dir='ltr'><strong>eas</strong></span> <span class='ocrx_word' id='word_1_75' title='bbox 2145 1178 2381 1241; x_wconf 76' lang='lat' dir='ltr'><strong>discere,</strong></span> 
     </span>
     <span class='ocr_line' id='line_1_11' title="bbox 550 1265 2379 1330; baseline -0.001 -15"><span class='ocrx_word' id='word_1_76' title='bbox 550 1265 616 1317; x_wconf 86' lang='lat'><strong>10</strong></span> <span class='ocrx_word' id='word_1_77' title='bbox 630 1266 828 1329; x_wconf 82' lang='lat' dir='ltr'><strong>quippe</strong></span> <span class='ocrx_word' id='word_1_78' title='bbox 876 1278 1015 1329; x_wconf 84' lang='lat' dir='ltr'><strong>quae</strong></span> <span class='ocrx_word' id='word_1_79' title='bbox 1061 1268 1129 1317; x_wconf 86' lang='lat' dir='ltr'><strong>ad</strong></span> <span class='ocrx_word' id='word_1_80' title='bbox 1180 1268 1438 1317; x_wconf 84' lang='lat' dir='ltr'><strong>virtutem</strong></span> <span class='ocrx_word' id='word_1_81' title='bbox 1489 1266 1804 1316; x_wconf 83' lang='lat' dir='ltr'><strong>doctoribus</strong></span> <span class='ocrx_word' id='word_1_82' title='bbox 1851 1266 1986 1315; x_wconf 83' lang='lat' dir='ltr'><strong>nihil</strong></span> <span class='ocrx_word' id='word_1_83' title='bbox 2033 1268 2379 1330; x_wconf 75' lang='lat' dir='ltr'><strong>profuerunt.</strong></span> 
     </span>
     <span class='ocr_line' id='line_1_12' title="bbox 625 1353 2378 1419; baseline 0.002 -15"><span class='ocrx_word' id='word_1_84' title='bbox 625 1356 701 1404; x_wconf 83' lang='lat' dir='ltr'><strong>At</strong></span> <span class='ocrx_word' id='word_1_85' title='bbox 734 1353 835 1404; x_wconf 87' lang='lat' dir='ltr'><strong>illa</strong></span> <span class='ocrx_word' id='word_1_86' title='bbox 871 1355 1041 1406; x_wconf 86' lang='lat' dir='ltr'><strong>multo</strong></span> <span class='ocrx_word' id='word_1_87' title='bbox 1074 1358 1295 1417; x_wconf 87' lang='lat' dir='ltr'><strong>optuma</strong></span> <span class='ocrx_word' id='word_1_88' title='bbox 1328 1356 1410 1406; x_wconf 91' lang='lat' dir='ltr'><strong>rei</strong></span> <span class='ocrx_word' id='word_1_89' title='bbox 1449 1354 1700 1417; x_wconf 82' lang='lat' dir='ltr'><strong>publicae</strong></span> <span class='ocrx_word' id='word_1_90' title='bbox 1735 1353 1930 1404; x_wconf 81' lang='lat' dir='ltr'><strong>doctus</strong></span> <span class='ocrx_word' id='word_1_91' title='bbox 1963 1365 2108 1419; x_wconf 89' lang='lat' dir='ltr'><strong>sum,</strong></span> <span class='ocrx_word' id='word_1_92' title='bbox 2165 1356 2378 1406; x_wconf 78' lang='lat' dir='ltr'><strong>hostem</strong></span> 
     </span>
     <span class='ocr_line' id='line_1_13' title="bbox 625 1442 2377 1511; baseline 0.001 -20"><span class='ocrx_word' id='word_1_93' title='bbox 625 1442 833 1509; x_wconf 77' lang='lat' dir='ltr'><strong>ferire,</strong></span> <span class='ocrx_word' id='word_1_94' title='bbox 886 1444 1159 1505; x_wconf 84' lang='lat' dir='ltr'><strong>praesidia</strong></span> <span class='ocrx_word' id='word_1_95' title='bbox 1210 1444 1460 1511; x_wconf 77' lang='lat' dir='ltr'><strong>agitare,</strong></span> <span class='ocrx_word' id='word_1_96' title='bbox 1513 1442 1647 1494; x_wconf 85' lang='lat' dir='ltr'><strong>nihil</strong></span> <span class='ocrx_word' id='word_1_97' title='bbox 1697 1446 1942 1493; x_wconf 86' lang='lat' dir='ltr'><strong>metuere</strong></span> <span class='ocrx_word' id='word_1_98' title='bbox 1993 1444 2104 1493; x_wconf 88' lang='lat' dir='ltr'><strong>nisi</strong></span> <span class='ocrx_word' id='word_1_99' title='bbox 2164 1448 2377 1507; x_wconf 81' lang='lat' dir='ltr'><strong>turpem</strong></span> 
     </span>
     <span class='ocr_line' id='line_1_14' title="bbox 625 1530 2377 1598; baseline 0.001 -19"><span class='ocrx_word' id='word_1_100' title='bbox 625 1530 851 1596; x_wconf 76' lang='lat' dir='ltr'><strong>famam,</strong></span> <span class='ocrx_word' id='word_1_101' title='bbox 905 1532 1130 1581; x_wconf 84' lang='lat' dir='ltr'><strong>hiemem</strong></span> <span class='ocrx_word' id='word_1_102' title='bbox 1166 1537 1223 1581; x_wconf 87' lang='lat' dir='ltr'><strong>et</strong></span> <span class='ocrx_word' id='word_1_103' title='bbox 1258 1534 1522 1583; x_wconf 78' lang='lat' dir='ltr'><strong>aestatem</strong></span> <span class='ocrx_word' id='word_1_104' title='bbox 1557 1534 1712 1582; x_wconf 86' lang='lat' dir='ltr'><strong>iuxta</strong></span> <span class='ocrx_word' id='word_1_105' title='bbox 1757 1533 1901 1598; x_wconf 82' lang='lat' dir='ltr'><strong>pati,</strong></span> <span class='ocrx_word' id='word_1_106' title='bbox 1955 1532 2100 1581; x_wconf 86' lang='lat' dir='ltr'><strong>humi</strong></span> <span class='ocrx_word' id='word_1_107' title='bbox 2154 1534 2377 1595; x_wconf 85' lang='lat' dir='ltr'><strong>requie-</strong></span> 
     </span>
     <span class='ocr_line' id='line_1_15' title="bbox 628 1619 2379 1685; baseline 0 -16"><span class='ocrx_word' id='word_1_108' title='bbox 628 1630 805 1685; x_wconf 88' lang='lat' dir='ltr'><strong>scere,</strong></span> <span class='ocrx_word' id='word_1_109' title='bbox 844 1622 1037 1670; x_wconf 88' lang='lat' dir='ltr'><strong>eodem</strong></span> <span class='ocrx_word' id='word_1_110' title='bbox 1064 1622 1302 1684; x_wconf 84' lang='lat' dir='ltr'><strong>tempore</strong></span> <span class='ocrx_word' id='word_1_111' title='bbox 1334 1622 1571 1683; x_wconf 85' lang='lat' dir='ltr'><strong>inopiam</strong></span> <span class='ocrx_word' id='word_1_112' title='bbox 1607 1624 1662 1671; x_wconf 88' lang='lat' dir='ltr'><strong>et</strong></span> <span class='ocrx_word' id='word_1_113' title='bbox 1694 1620 1934 1671; x_wconf 80' lang='lat' dir='ltr'><strong>laborem</strong></span> <span class='ocrx_word' id='word_1_114' title='bbox 1973 1619 2235 1671; x_wconf 83' lang='lat' dir='ltr'><strong>tolerare.</strong></span> <span class='ocrx_word' id='word_1_115' title='bbox 2290 1622 2379 1670; x_wconf 79' lang='lat' dir='ltr'><strong>His</strong></span> 
     </span>
     <span class='ocr_line' id='line_1_16' title="bbox 550 1708 2376 1777; baseline 0 -18"><span class='ocrx_word' id='word_1_116' title='bbox 550 1709 613 1759; x_wconf 90' lang='lat'><strong>15</strong></span> <span class='ocrx_word' id='word_1_117' title='bbox 628 1720 733 1773; x_wconf 86' lang='lat' dir='ltr'><strong>ego</strong></span> <span class='ocrx_word' id='word_1_118' title='bbox 760 1712 1071 1771; x_wconf 79' lang='lat' dir='ltr'><strong>praeceptis</strong></span> <span class='ocrx_word' id='word_1_119' title='bbox 1095 1709 1297 1760; x_wconf 85' lang='lat' dir='ltr'><strong>milites</strong></span> <span class='ocrx_word' id='word_1_120' title='bbox 1335 1710 1610 1777; x_wconf 84' lang='lat' dir='ltr'><strong>hortabor,</strong></span> <span class='ocrx_word' id='word_1_121' title='bbox 1645 1720 1817 1772; x_wconf 83' lang='lat' dir='ltr'><strong>neque</strong></span> <span class='ocrx_word' id='word_1_122' title='bbox 1853 1708 1983 1758; x_wconf 86' lang='lat' dir='ltr'><strong>illos</strong></span> <span class='ocrx_word' id='word_1_123' title='bbox 2021 1712 2146 1759; x_wconf 84' lang='lat' dir='ltr'><strong>arte</strong></span> <span class='ocrx_word' id='word_1_124' title='bbox 2185 1708 2376 1771; x_wconf 79' lang='lat' dir='ltr'><strong>colam,</strong></span> 
     </span>
     <span class='ocr_line' id='line_1_17' title="bbox 622 1797 2374 1863; baseline -0.001 -16"><span class='ocrx_word' id='word_1_125' title='bbox 622 1810 708 1847; x_wconf 86' lang='lat' dir='ltr'><strong>me</strong></span> <span class='ocrx_word' id='word_1_126' title='bbox 760 1798 1075 1863; x_wconf 87' lang='lat' dir='ltr'><strong>opulenter,</strong></span> <span class='ocrx_word' id='word_1_127' title='bbox 1130 1808 1306 1862; x_wconf 82' lang='lat' dir='ltr'><strong>neque</strong></span> <span class='ocrx_word' id='word_1_128' title='bbox 1352 1798 1584 1861; x_wconf 82' lang='lat' dir='ltr'><strong>gloriam</strong></span> <span class='ocrx_word' id='word_1_129' title='bbox 1632 1810 1806 1848; x_wconf 85' lang='lat' dir='ltr'><strong>meam</strong></span> <span class='ocrx_word' id='word_1_130' title='bbox 1853 1798 2095 1847; x_wconf 81' lang='lat' dir='ltr'><strong>laborem</strong></span> <span class='ocrx_word' id='word_1_131' title='bbox 2149 1797 2374 1850; x_wconf 87' lang='lat' dir='ltr'><strong>illorum</strong></span> 
     </span>
     <span class='ocr_line' id='line_1_18' title="bbox 622 1885 2375 1951; baseline 0 -16"><span class='ocrx_word' id='word_1_132' title='bbox 622 1887 839 1938; x_wconf 78' lang='lat' dir='ltr'><strong>faciam.</strong></span> <span class='ocrx_word' id='word_1_133' title='bbox 912 1888 1029 1937; x_wconf 84' lang='lat' dir='ltr'><strong>Hoc</strong></span> <span class='ocrx_word' id='word_1_134' title='bbox 1068 1891 1153 1938; x_wconf 90' lang='lat' dir='ltr'><strong>est</strong></span> <span class='ocrx_word' id='word_1_135' title='bbox 1188 1888 1355 1951; x_wconf 88' lang='lat' dir='ltr'><strong>utile,</strong></span> <span class='ocrx_word' id='word_1_136' title='bbox 1413 1888 1517 1936; x_wconf 81' lang='lat' dir='ltr'><strong>hoc</strong></span> <span class='ocrx_word' id='word_1_137' title='bbox 1555 1885 1720 1936; x_wconf 87' lang='lat' dir='ltr'><strong>civile</strong></span> <span class='ocrx_word' id='word_1_138' title='bbox 1761 1888 2059 1949; x_wconf 82' lang='lat' dir='ltr'><strong>imperium.</strong></span> <span class='ocrx_word' id='word_1_139' title='bbox 2131 1886 2375 1950; x_wconf 84' lang='lat' dir='ltr'><strong>Namque</strong></span> 
     </span>
     <span class='ocr_line' id='line_1_19' title="bbox 624 1975 2374 2041; baseline 0 -16"><span class='ocrx_word' id='word_1_140' title='bbox 624 1989 783 2038; x_wconf 83' lang='lat' dir='ltr'><strong>quom</strong></span> <span class='ocrx_word' id='word_1_141' title='bbox 821 1981 934 2028; x_wconf 86' lang='lat' dir='ltr'><strong>tute</strong></span> <span class='ocrx_word' id='word_1_142' title='bbox 968 1989 1065 2041; x_wconf 80' lang='lat' dir='ltr'><strong>per</strong></span> <span class='ocrx_word' id='word_1_143' title='bbox 1102 1977 1389 2027; x_wconf 85' lang='lat' dir='ltr'><strong>mollitiem</strong></span> <span class='ocrx_word' id='word_1_144' title='bbox 1431 1989 1592 2040; x_wconf 85' lang='lat' dir='ltr'><strong>agas,</strong></span> <span class='ocrx_word' id='word_1_145' title='bbox 1633 1978 1928 2026; x_wconf 83' lang='lat' dir='ltr'><strong>exercitum</strong></span> <span class='ocrx_word' id='word_1_146' title='bbox 1968 1975 2243 2038; x_wconf 80' lang='lat' dir='ltr'><strong>subplicio</strong></span> <span class='ocrx_word' id='word_1_147' title='bbox 2283 1989 2374 2026; x_wconf 85' lang='lat' dir='ltr'><strong>co-</strong></span> 
     </span>
     <span class='ocr_line' id='line_1_20' title="bbox 623 2065 2374 2131; baseline 0.002 -19"><span class='ocrx_word' id='word_1_148' title='bbox 623 2075 787 2129; x_wconf 81' lang='lat' dir='ltr'><strong>gere,</strong></span> <span class='ocrx_word' id='word_1_149' title='bbox 836 2067 890 2114; x_wconf 87' lang='lat' dir='ltr'><strong>id</strong></span> <span class='ocrx_word' id='word_1_150' title='bbox 930 2070 1017 2122; x_wconf 82' lang='lat' dir='ltr'><strong>est</strong></span> <span class='ocrx_word' id='word_1_151' title='bbox 1064 2067 1372 2131; x_wconf 89' lang='lat' dir='ltr'><strong>dominum,</strong></span> <span class='ocrx_word' id='word_1_152' title='bbox 1425 2075 1534 2114; x_wconf 89' lang='lat' dir='ltr'><strong>non</strong></span> <span class='ocrx_word' id='word_1_153' title='bbox 1579 2066 1960 2126; x_wconf 79' lang='lat' dir='ltr'><strong>imperatorem</strong></span> <span class='ocrx_word' id='word_1_154' title='bbox 2011 2077 2153 2115; x_wconf 89' lang='lat' dir='ltr'><strong>esse.</strong></span> <span class='ocrx_word' id='word_1_155' title='bbox 2225 2065 2374 2115; x_wconf 78' lang='lat' dir='ltr'><strong>Haec</strong></span> 
     </span>
     <span class='ocr_line' id='line_1_21' title="bbox 546 2151 2372 2217; baseline 0.001 -16"><span class='ocrx_word' id='word_1_156' title='bbox 546 2151 615 2202; x_wconf 83' lang='lat'><strong>20</strong></span> <span class='ocrx_word' id='word_1_157' title='bbox 630 2156 790 2214; x_wconf 86' lang='lat' dir='ltr'><strong>atque</strong></span> <span class='ocrx_word' id='word_1_158' title='bbox 825 2153 961 2204; x_wconf 85' lang='lat' dir='ltr'><strong>talia</strong></span> <span class='ocrx_word' id='word_1_159' title='bbox 994 2154 1229 2204; x_wconf 88' lang='lat' dir='ltr'><strong>maiores</strong></span> <span class='ocrx_word' id='word_1_160' title='bbox 1264 2155 1440 2203; x_wconf 89' lang='lat' dir='ltr'><strong>vostri</strong></span> <span class='ocrx_word' id='word_1_161' title='bbox 1472 2153 1724 2203; x_wconf 82' lang='lat' dir='ltr'><strong>faciundo</strong></span> <span class='ocrx_word' id='word_1_162' title='bbox 1759 2165 1926 2217; x_wconf 83' lang='lat' dir='ltr'><strong>seque</strong></span> <span class='ocrx_word' id='word_1_163' title='bbox 1947 2165 2170 2216; x_wconf 85' lang='lat' dir='ltr'><strong>remque</strong></span> <span class='ocrx_word' id='word_1_164' title='bbox 2192 2153 2372 2216; x_wconf 88' lang='lat' dir='ltr'><strong>publi-</strong></span> 
     </span>
     <span class='ocr_line' id='line_1_22' title="bbox 550 2217 2370 2310; baseline 0 -20"><span class='ocrx_word' id='word_1_165' title='bbox 550 2217 571 2236; x_wconf 72' lang='lat'><strong><em>‘</em></strong></span> <span class='ocrx_word' id='word_1_166' title='bbox 622 2252 740 2291; x_wconf 89' lang='lat' dir='ltr'><strong>cam</strong></span> <span class='ocrx_word' id='word_1_167' title='bbox 775 2240 1141 2291; x_wconf 81' lang='lat' dir='ltr'><strong>celebravere.</strong></span> <span class='ocrx_word' id='word_1_168' title='bbox 1214 2237 1350 2305; x_wconf 81' lang='lat' dir='ltr'><strong>Quis</strong></span> <span class='ocrx_word' id='word_1_169' title='bbox 1397 2241 1660 2292; x_wconf 84' lang='lat' dir='ltr'><strong>nobilitas</strong></span> <span class='ocrx_word' id='word_1_170' title='bbox 1697 2242 1875 2310; x_wconf 78' lang='lat' dir='ltr'><strong>freta,</strong></span> <span class='ocrx_word' id='word_1_171' title='bbox 1925 2243 2050 2305; x_wconf 85' lang='lat' dir='ltr'><strong>ipsa</strong></span> <span class='ocrx_word' id='word_1_172' title='bbox 2091 2242 2370 2292; x_wconf 86' lang='lat' dir='ltr'><strong>dissimilis</strong></span> 
     </span>
     <span class='ocr_line' id='line_1_23' title="bbox 620 2329 2370 2396; baseline 0.002 -18"><span class='ocrx_word' id='word_1_173' title='bbox 620 2332 889 2396; x_wconf 87' lang='lat' dir='ltr'><strong>moribus,</strong></span> <span class='ocrx_word' id='word_1_174' title='bbox 925 2341 1026 2379; x_wconf 90' lang='lat' dir='ltr'><strong>nos</strong></span> <span class='ocrx_word' id='word_1_175' title='bbox 1059 2329 1280 2379; x_wconf 86' lang='lat' dir='ltr'><strong>illorum</strong></span> <span class='ocrx_word' id='word_1_176' title='bbox 1315 2330 1559 2380; x_wconf 85' lang='lat' dir='ltr'><strong>aemulos</strong></span> <span class='ocrx_word' id='word_1_177' title='bbox 1597 2331 1921 2396; x_wconf 87' lang='lat' dir='ltr'><strong>contemnit,</strong></span> <span class='ocrx_word' id='word_1_178' title='bbox 1970 2333 2026 2380; x_wconf 87' lang='lat' dir='ltr'><strong>et</strong></span> <span class='ocrx_word' id='word_1_179' title='bbox 2060 2333 2239 2381; x_wconf 84' lang='lat' dir='ltr'><strong>omnis</strong></span> <span class='ocrx_word' id='word_1_180' title='bbox 2277 2333 2370 2381; x_wconf 77' lang='lat' dir='ltr'><strong>lio-</strong></span> 
     </span>
     <span class='ocr_line' id='line_1_24' title="bbox 620 2419 2370 2486; baseline 0.001 -19"><span class='ocrx_word' id='word_1_181' title='bbox 620 2430 785 2468; x_wconf 88' lang='lat' dir='ltr'><strong>nores</strong></span> <span class='ocrx_word' id='word_1_182' title='bbox 819 2430 925 2468; x_wconf 90' lang='lat' dir='ltr'><strong>non</strong></span> <span class='ocrx_word' id='word_1_183' title='bbox 961 2431 1030 2468; x_wconf 87' lang='lat' dir='ltr'><strong>ex</strong></span> <span class='ocrx_word' id='word_1_184' title='bbox 1064 2421 1280 2486; x_wconf 85' lang='lat' dir='ltr'><strong>merito,</strong></span> <span class='ocrx_word' id='word_1_185' title='bbox 1315 2419 1412 2469; x_wconf 90' lang='lat' dir='ltr'><strong>sed</strong></span> <span class='ocrx_word' id='word_1_186' title='bbox 1449 2420 1602 2482; x_wconf 84' lang='lat' dir='ltr'><strong>quasi</strong></span> <span class='ocrx_word' id='word_1_187' title='bbox 1640 2419 1852 2470; x_wconf 81' lang='lat' dir='ltr'><strong>debitos</strong></span> <span class='ocrx_word' id='word_1_188' title='bbox 1888 2432 1922 2469; x_wconf 88' lang='lat' dir='ltr'><strong>a</strong></span> <span class='ocrx_word' id='word_1_189' title='bbox 1955 2419 2116 2469; x_wconf 84' lang='lat' dir='ltr'><strong>vobis</strong></span> <span class='ocrx_word' id='word_1_190' title='bbox 2153 2423 2370 2482; x_wconf 86' lang='lat' dir='ltr'><strong>repetit.</strong></span> 
     </span>
     <span class='ocr_line' id='line_1_25' title="bbox 623 2505 2370 2571; baseline 0.001 -15"><span class='ocrx_word' id='word_1_191' title='bbox 623 2505 875 2558; x_wconf 84' lang='lat' dir='ltr'><strong>Ceterum</strong></span> <span class='ocrx_word' id='word_1_192' title='bbox 911 2508 1151 2559; x_wconf 85' lang='lat' dir='ltr'><strong>homines</strong></span> <span class='ocrx_word' id='word_1_193' title='bbox 1188 2510 1580 2571; x_wconf 87' lang='lat' dir='ltr'><strong>superbissumi</strong></span> <span class='ocrx_word' id='word_1_194' title='bbox 1615 2508 1809 2570; x_wconf 88' lang='lat' dir='ltr'><strong>procul</strong></span> <span class='ocrx_word' id='word_1_195' title='bbox 1859 2511 2059 2558; x_wconf 88' lang='lat' dir='ltr'><strong>errant.</strong></span> <span class='ocrx_word' id='word_1_196' title='bbox 2128 2511 2370 2560; x_wconf 84' lang='lat' dir='ltr'><strong>Maiores</strong></span> 
     </span>
     <span class='ocr_line' id='line_1_26' title="bbox 544 2587 2368 2664; baseline 0.002 -19"><span class='ocrx_word' id='word_1_197' title='bbox 544 2587 611 2645; x_wconf 72' lang='lat'><strong>25</strong></span> <span class='ocrx_word' id='word_1_198' title='bbox 628 2607 813 2646; x_wconf 88' lang='lat' dir='ltr'><strong>eorum</strong></span> <span class='ocrx_word' id='word_1_199' title='bbox 870 2597 1075 2664; x_wconf 79' lang='lat' dir='ltr'><strong>omnia,</strong></span> <span class='ocrx_word' id='word_1_200' title='bbox 1127 2609 1265 2659; x_wconf 85' lang='lat' dir='ltr'><strong>quae</strong></span> <span class='ocrx_word' id='word_1_201' title='bbox 1315 2595 1549 2660; x_wconf 82' lang='lat' dir='ltr'><strong>licebat,</strong></span> <span class='ocrx_word' id='word_1_202' title='bbox 1605 2595 1720 2645; x_wconf 91' lang='lat' dir='ltr'><strong>illis</strong></span> <span class='ocrx_word' id='word_1_203' title='bbox 1771 2597 2073 2659; x_wconf 83' lang='lat' dir='ltr'><strong>reliquere,</strong></span> <span class='ocrx_word' id='word_1_204' title='bbox 2127 2597 2368 2664; x_wconf 81' lang='lat' dir='ltr'><strong>divitias,</strong></span> 
     </span>
     <span class='ocr_line' id='line_1_27' title="bbox 619 2685 2368 2750; baseline 0.002 -16"><span class='ocrx_word' id='word_1_205' title='bbox 619 2687 915 2750; x_wconf 83' lang='lat' dir='ltr'><strong>imagines,</strong></span> <span class='ocrx_word' id='word_1_206' title='bbox 948 2686 1257 2735; x_wconf 82' lang='lat' dir='ltr'><strong>memoriam</strong></span> <span class='ocrx_word' id='word_1_207' title='bbox 1295 2686 1380 2734; x_wconf 88' lang='lat' dir='ltr'><strong>sui</strong></span> <span class='ocrx_word' id='word_1_208' title='bbox 1416 2685 1795 2749; x_wconf 81' lang='lat' dir='ltr'><strong>praeclaram3</strong></span> <span class='ocrx_word' id='word_1_209' title='bbox 1833 2687 2095 2734; x_wconf 84' lang='lat' dir='ltr'><strong>virtutem</strong></span> <span class='ocrx_word' id='word_1_210' title='bbox 2131 2697 2240 2736; x_wconf 88' lang='lat' dir='ltr'><strong>non</strong></span> <span class='ocrx_word' id='word_1_211' title='bbox 2278 2699 2368 2737; x_wconf 87' lang='lat' dir='ltr'><strong>re-</strong></span> 
     </span>
     <span class='ocr_line' id='line_1_28' title="bbox 620 2774 2364 2838; baseline 0.002 -16"><span class='ocrx_word' id='word_1_212' title='bbox 620 2774 871 2836; x_wconf 84' lang='lat' dir='ltr'><strong>liquere,</strong></span> <span class='ocrx_word' id='word_1_213' title='bbox 924 2784 1103 2836; x_wconf 87' lang='lat' dir='ltr'><strong>neque</strong></span> <span class='ocrx_word' id='word_1_214' title='bbox 1153 2777 1444 2837; x_wconf 83' lang='lat' dir='ltr'><strong>poterant3</strong></span> <span class='ocrx_word' id='word_1_215' title='bbox 1510 2786 1577 2823; x_wconf 84' lang='lat' dir='ltr'><strong>ea</strong></span> <span class='ocrx_word' id='word_1_216' title='bbox 1629 2774 1749 2825; x_wconf 84' lang='lat' dir='ltr'><strong>sola</strong></span> <span class='ocrx_word' id='word_1_217' title='bbox 1789 2785 1968 2838; x_wconf 89' lang='lat' dir='ltr'><strong>neque</strong></span> <span class='ocrx_word' id='word_1_218' title='bbox 2017 2777 2178 2826; x_wconf 83' lang='lat' dir='ltr'><strong>datur</strong></span> <span class='ocrx_word' id='word_1_219' title='bbox 2223 2775 2364 2825; x_wconf 90' lang='lat' dir='ltr'><strong>dono</strong></span> 
     </span>
     <span class='ocr_line' id='line_1_29' title="bbox 622 2859 2365 2925; baseline 0.002 -15"><span class='ocrx_word' id='word_1_220' title='bbox 622 2873 797 2924; x_wconf 82' lang='lat' dir='ltr'><strong>neque</strong></span> <span class='ocrx_word' id='word_1_221' title='bbox 822 2862 1108 2924; x_wconf 82' lang='lat' dir='ltr'><strong>accipitur.</strong></span> <span class='ocrx_word' id='word_1_222' title='bbox 1162 2859 1446 2910; x_wconf 83' lang='lat' dir='ltr'><strong>Sordidum</strong></span> <span class='ocrx_word' id='word_1_223' title='bbox 1470 2875 1558 2912; x_wconf 88' lang='lat' dir='ltr'><strong>me</strong></span> <span class='ocrx_word' id='word_1_224' title='bbox 1583 2865 1638 2911; x_wconf 91' lang='lat' dir='ltr'><strong>et</strong></span> <span class='ocrx_word' id='word_1_225' title='bbox 1671 2862 1893 2913; x_wconf 86' lang='lat' dir='ltr'><strong>incultis</strong></span> <span class='ocrx_word' id='word_1_226' title='bbox 1927 2864 2166 2913; x_wconf 82' lang='lat' dir='ltr'><strong>moribus</strong></span> <span class='ocrx_word' id='word_1_227' title='bbox 2199 2863 2365 2925; x_wconf 83' lang='lat' dir='ltr'><strong>aiunt,</strong></span> 
     </span>
     <span class='ocr_line' id='line_1_30' title="bbox 624 2951 2364 3016; baseline 0.004 -18"><span class='ocrx_word' id='word_1_228' title='bbox 624 2951 749 3010; x_wconf 87' lang='lat' dir='ltr'><strong>quia</strong></span> <span class='ocrx_word' id='word_1_229' title='bbox 782 2962 971 3011; x_wconf 88' lang='lat' dir='ltr'><strong>parum</strong></span> <span class='ocrx_word' id='word_1_230' title='bbox 1006 2951 1147 3000; x_wconf 85' lang='lat' dir='ltr'><strong>scite</strong></span> <span class='ocrx_word' id='word_1_231' title='bbox 1193 2951 1502 3000; x_wconf 88' lang='lat' dir='ltr'><strong>convivium</strong></span> <span class='ocrx_word' id='word_1_232' title='bbox 1541 2961 1774 3016; x_wconf 83' lang='lat' dir='ltr'><strong>exorno,</strong></span> <span class='ocrx_word' id='word_1_233' title='bbox 1829 2963 2008 3015; x_wconf 83' lang='lat' dir='ltr'><strong>neque</strong></span> <span class='ocrx_word' id='word_1_234' title='bbox 2049 2951 2364 3004; x_wconf 82' lang='lat' dir='ltr'><strong>histrionem</strong></span> 
     </span>
    </p>
   </div>
   <div class='ocr_carea' id='block_1_3' title="bbox 628 3090 1012 3107">
    <p class='ocr_par' dir='ltr' id='par_1_3' title="bbox 628 3090 1012 3107">
     <span class='ocr_line' id='line_1_31' title="bbox 628 3090 1012 3107; baseline 0 0"><span class='ocrx_word' id='word_1_235' title='bbox 628 3090 1012 3107; x_wconf 95' lang='lat' dir='ltr'><strong> </strong></span> 
     </span>
    </p>
   </div>
   <div class='ocr_carea' id='block_1_4' title="bbox 617 3185 2362 3375">
    <p class='ocr_par' dir='ltr' id='par_1_4' title="bbox 617 3185 2362 3375">
     <span class='ocr_line' id='line_1_32' title="bbox 718 3185 2362 3237; baseline 0.002 -15"><span class='ocrx_word' id='word_1_236' title='bbox 718 3185 757 3223; x_wconf 75' lang='grc' dir='ltr'><strong>δ.</strong></span> <span class='ocrx_word' id='word_1_237' title='bbox 800 3189 945 3232; x_wconf 68' lang='lat' dir='ltr'><strong>eqomee</strong></span> <span class='ocrx_word' id='word_1_238' title='bbox 976 3185 1184 3237; x_wconf 69' lang='lat' dir='ltr'><strong>plurimis]</strong></span> <span class='ocrx_word' id='word_1_239' title='bbox 1224 3186 1326 3227; x_wconf 77' lang='lat' dir='ltr'><strong>cod.</strong></span> <span class='ocrx_word' id='word_1_240' title='bbox 1355 3187 1487 3226; x_wconf 68' lang='lat' dir='ltr'><strong>vatio.</strong></span> <span class='ocrx_word' id='word_1_241' title='bbox 1517 3187 1570 3226; x_wconf 76' lang='lat' dir='ltr'><strong>K.</strong></span> <span class='ocrx_word' id='word_1_242' title='bbox 1616 3199 1683 3236; x_wconf 69' lang='lat' dir='ltr'><strong>eqo</strong></span> <span class='ocrx_word' id='word_1_243' title='bbox 1716 3185 1902 3237; x_wconf 71' lang='lat' dir='ltr'><strong>plm‘n&#39;mn&#39;e</strong></span> <span class='ocrx_word' id='word_1_244' title='bbox 1937 3188 2035 3226; x_wconf 70' lang='lat' dir='ltr'><strong>meis</strong></span> <span class='ocrx_word' id='word_1_245' title='bbox 2068 3189 2118 3228; x_wconf 89' lang='lat' dir='ltr'><strong>V.</strong></span> <span class='ocrx_word' id='word_1_246' title='bbox 2161 3199 2228 3237; x_wconf 69' lang='lat' dir='ltr'><strong>eqo</strong></span> <span class='ocrx_word' id='word_1_247' title='bbox 2267 3192 2362 3228; x_wconf 67' lang='lat' dir='ltr'><strong>mei·</strong></span> 
     </span>
     <span class='ocr_line' id='line_1_33' title="bbox 617 3253 2356 3305; baseline 0.003 -14"><span class='ocrx_word' id='word_1_248' title='bbox 617 3253 803 3302; x_wconf 70' lang='lat' dir='ltr'><strong>plurimi·</strong></span> <span class='ocrx_word' id='word_1_249' title='bbox 828 3253 879 3293; x_wconf 74' lang='lat' dir='ltr'><strong>G.</strong></span> <span class='ocrx_word' id='word_1_250' title='bbox 906 3273 955 3282; x_wconf 89' lang='lat'><strong>—-</strong></span> <span class='ocrx_word' id='word_1_251' title='bbox 986 3253 1025 3293; x_wconf 75' lang='grc' dir='ltr'><strong>ὃ.</strong></span> <span class='ocrx_word' id='word_1_252' title='bbox 1054 3266 1143 3292; x_wconf 76' lang='lat' dir='ltr'><strong>mea</strong></span> <span class='ocrx_word' id='word_1_253' title='bbox 1168 3253 1312 3305; x_wconf 75' lang='lat' dir='ltr'><strong>verba]</strong></span> <span class='ocrx_word' id='word_1_254' title='bbox 1339 3255 1509 3294; x_wconf 80' lang='lat' dir='ltr'><strong>Nonius.</strong></span> <span class='ocrx_word' id='word_1_255' title='bbox 1538 3255 1637 3294; x_wconf 76' lang='lat' dir='ltr'><strong>cod.</strong></span> <span class='ocrx_word' id='word_1_256' title='bbox 1665 3255 1792 3296; x_wconf 75' lang='lat' dir='ltr'><strong>Basil.</strong></span> <span class='ocrx_word' id='word_1_257' title='bbox 1823 3255 1873 3294; x_wconf 78' lang='lat' dir='ltr'><strong>K.</strong></span> <span class='ocrx_word' id='word_1_258' title='bbox 1905 3255 2024 3295; x_wconf 73' lang='lat' dir='ltr'><strong>rerba</strong></span> <span class='ocrx_word' id='word_1_259' title='bbox 2049 3267 2136 3294; x_wconf 75' lang='lat' dir='ltr'><strong>mea</strong></span> <span class='ocrx_word' id='word_1_260' title='bbox 2162 3257 2209 3296; x_wconf 74' lang='lat' dir='ltr'><strong>V.</strong></span> <span class='ocrx_word' id='word_1_261' title='bbox 2239 3257 2286 3296; x_wconf 70' lang='lat' dir='ltr'><strong>G.</strong></span> <span class='ocrx_word' id='word_1_262' title='bbox 2313 3277 2356 3286; x_wconf 87' lang='lat'><strong>—-</strong></span> 
     </span>
     <span class='ocr_line' id='line_1_34' title="bbox 622 3321 2356 3375; baseline 0.002 -15"><span class='ocrx_word' id='word_1_263' title='bbox 622 3321 709 3370; x_wconf 73' lang='lat'><strong>(15.</strong></span> <span class='ocrx_word' id='word_1_264' title='bbox 742 3327 850 3360; x_wconf 68' lang='lat' dir='ltr'><strong>arce«</strong></span> <span class='ocrx_word' id='word_1_265' title='bbox 876 3321 956 3374; x_wconf 75' lang='lat' dir='ltr'><strong>V.)</strong></span> <span class='ocrx_word' id='word_1_266' title='bbox 984 3343 1031 3352; x_wconf 91' lang='lat'><em>-</em></span> <span class='ocrx_word' id='word_1_267' title='bbox 1081 3325 1143 3363; x_wconf 83' lang='lat'><strong>18.</strong></span> <span class='ocrx_word' id='word_1_268' title='bbox 1175 3323 1380 3363; x_wconf 74' lang='lat' dir='ltr'><strong>maumam</strong></span> <span class='ocrx_word' id='word_1_269' title='bbox 1407 3325 1454 3362; x_wconf 84' lang='lat' dir='ltr'><strong>V.</strong></span> <span class='ocrx_word' id='word_1_270' title='bbox 1479 3343 1530 3354; x_wconf 92' lang='lat'>—</span> <span class='ocrx_word' id='word_1_271' title='bbox 1580 3324 1644 3364; x_wconf 69' lang='lat'><strong>20,</strong></span> <span class='ocrx_word' id='word_1_272' title='bbox 1674 3322 1798 3375; x_wconf 73' lang='lat' dir='ltr'><strong>talia]</strong></span> <span class='ocrx_word' id='word_1_273' title='bbox 1825 3323 1908 3364; x_wconf 67' lang='lat' dir='ltr'><strong>atta</strong></span> <span class='ocrx_word' id='word_1_274' title='bbox 1932 3324 1981 3364; x_wconf 83' lang='lat' dir='ltr'><strong>V.</strong></span> <span class='ocrx_word' id='word_1_275' title='bbox 2009 3345 2058 3354; x_wconf 98' lang='lat'>—</span> <span class='ocrx_word' id='word_1_276' title='bbox 2093 3329 2134 3364; x_wconf 74' lang='lat' dir='ltr'><strong>ee</strong></span> <span class='ocrx_word' id='word_1_277' title='bbox 2154 3336 2277 3375; x_wconf 75' lang='lat' dir='ltr'><strong>remp.</strong></span> <span class='ocrx_word' id='word_1_278' title='bbox 2307 3325 2356 3364; x_wconf 77' lang='lat' dir='ltr'><strong>V.</strong></span> 
     </span>
    </p>
   </div>
   <div class='ocr_carea' id='block_1_5' title="bbox 2488 234 2497 789">
    <p class='ocr_par' dir='ltr' id='par_1_5' title="bbox 2488 234 2497 789">
     <span class='ocr_line' id='line_1_35' title="bbox 2488 234 2497 789; baseline 0 0"><span class='ocrx_word' id='word_1_279' title='bbox 2488 234 2497 789; x_wconf 95' lang='lat' dir='ltr'><strong> </strong></span> 
     </span>
    </p>
   </div>
  </div>
 </body>
</html>
