2525 3925
519 428 536 441 ὁ
593 362 665 411 86
1137 351 1197 406 G.
1235 352 1534 408 SALUSTI
1569 347 1799 403 CRISPI

597 507 824 559 tentiam
859 490 976 557 Tih‘.
1009 502 1248 554 Neronis
1282 502 1483 551 iturum
1517 512 1579 551 se
1614 497 1855 563 dixerat,
1890 496 2029 558 quod
2068 496 2135 544 de
2170 506 2243 547 ea
2280 509 2345 547 re

595 594 882 661 praesidiis
931 591 1129 648 additis
1181 588 1527 640 referundum
1580 588 1882 637 censuerat.
1954 584 2061 635 Sed
2110 580 2342 652 Caesar,

597 685 690 735 ubi
726 683 796 737 ad
831 695 952 733 eum
985 681 1202 730 ventum
1239 682 1355 741 est,
1395 678 1621 739 rogatus
1654 675 1979 727 sententiam
2018 686 2053 723 a
2088 674 2341 739 consule,

597 770 964 823 huiuscemodi
996 769 1168 820 verba
1201 766 1419 816 locutus
1454 766 1571 813 est:

481 918 486 923 0
556 860 586 910 5
704 858 788 909 51.
827 859 1056 909 «Omnis
1091 858 1353 921 homineS,
1384 856 1573 917 patres
1607 853 1921 917 conscripti,
1957 852 2051 914 qui
2072 852 2141 901 de
2172 853 2341 903 rebus

330 878 542 1078 f
598 949 772 998 dubiis
809 946 1144 1012 consultant,
1181 946 1250 995 ab
1288 944 1440 1009 odio,
1474 942 1746 1003 amicitia,
1800 941 1886 991 ira
1922 944 2085 1003 atque
2117 941 2342 991 miseri-

599 1036 784 1087 cordia
818 1047 1026 1085 vacuos
1062 1044 1182 1082 esse
1230 1032 1405 1081 decet.
1475 1031 1629 1079 Haud
1678 1029 1843 1079 facile
1890 1032 2101 1079 animus
2145 1040 2339 1080 verum

595 1125 877 1188 providet,
929 1122 1022 1171 ubi
1059 1121 1161 1170 illa
1206 1119 1493 1183 obiiciunt,
1544 1129 1723 1180 neque
1770 1118 2052 1180 quisquam
2100 1118 2339 1168 omnium

595 1211 824 1260 lubidini
858 1208 1018 1260 simul
1055 1210 1110 1259 et
1145 1209 1265 1258 usui
1301 1208 1496 1269 paruit.
1567 1207 1669 1259 Ubi
1705 1205 2003 1257 intenderis
2036 1208 2337 1272 ingenium,

521 1299 780 1361 10valet3
834 1298 883 1349 si
916 1297 1099 1348 lubido
1149 1297 1417 1359 possidet,
1472 1307 1539 1347 ea
1574 1295 1906 1360 dominatur,
1959 1296 2167 1345 animus
2203 1295 2339 1347 nihil

596 1386 759 1436 valet.
831 1389 1032 1450 Magna
1065 1387 1193 1437 mihi
1227 1385 1387 1445 copia
1424 1387 1509 1433 est
1540 1384 1909 1446 memorandi,
1954 1383 2011 1431 P.
2050 1380 2139 1446 C.,
2198 1394 2341 1445 quae

591 1487 754 1538 reges
802 1477 966 1535 atque
1015 1472 1204 1536 populi
1253 1474 1339 1522 ira
1388 1475 1483 1521 aut
1528 1468 1905 1521 misericordia
1946 1470 2148 1531 inpulsi
2194 1472 2340 1521 male

595 1562 968 1613 consuluerint
979 1577 996 1626 3
1050 1563 1145 1611 sed
1181 1574 1248 1611 ea
1282 1559 1427 1609 malo
1462 1562 1678 1623 dicere,
1718 1571 1855 1620 quae
1890 1562 2125 1609 maiores
2161 1562 2340 1611 nostri

594 1654 786 1701 contra
815 1649 1111 1700 lubidinem
1147 1650 1311 1699 animi
1342 1650 1429 1698 sui
1479 1651 1632 1697 recte
1682 1652 1849 1709 atque
1891 1648 2079 1698 ordine
2126 1648 2338 1699 fecere.

519 1741 580 1791 15
599 1738 748 1789 Bello
771 1739 1144 1803 Macedonico,
1179 1738 1323 1800 quod
1360 1748 1479 1787 cum
1512 1748 1645 1799 rege
1665 1736 1830 1785 Perse
1865 1737 2148 1803 gessimus,
2184 1740 2339 1789 Rho-

593 1826 804 1878 diorum
853 1829 1080 1893 civitas,
1133 1836 1331 1887 magna
1377 1826 1540 1886 atque
1590 1824 1911 1890 magnifica,
1964 1836 2103 1887 quae
2146 1828 2339 1891 populi

591 1916 821 1966 Romani
869 1917 1057 1979 opibus
1113 1915 1395 1980 creverat,
1448 1913 1613 1964 infida
1666 1916 1833 1974 atque
1888 1915 2124 1966 advorsa
2174 1918 2337 1970 nobis

591 2003 725 2067 fuit3
791 2005 888 2052 sed
937 2006 1216 2064 postquam
1284 2002 1427 2052 bello
1488 2003 1743 2053 confecto
1804 2004 1869 2052 de
1900 2004 2141 2054 'Rhodiis
2200 2018 2338 2056 con-

590 2090 789 2140 sultum
837 2094 954 2157 est,
1005 2093 1236 2140 maiores
1284 2091 1491 2154 nostri,
1544 2103 1614 2139 ne
1660 2092 1789 2154 quis*
1814 2093 2125 2144 divitiarum
2156 2098 2336 2160 magis

515 2182 580 2234 20
597 2191 752 2240 quam
786 2179 1016 2230 iniuriae
1051 2189 1217 2228 causa
1252 2176 1451 2229 bellum
1490 2179 1763 2240 inceptum
1800 2182 2024 2249 diceret,
2058 2185 2337 2246 inpunitos

589 2279 684 2316 eos
721 2266 990 2318 dimisere.
1061 2269 1196 2315 Item
1230 2265 1389 2318 bellis
1424 2266 1643 2318 Punicis
1676 2271 1937 2334 omuibuS,
1972 2283 2127 2332 quom
2162 2286 2337 2338 saepe

587 2356 1074 2418 Karthaginienses
1109 2356 1166 2404 et
1200 2355 1255 2403 in
1280 2367 1417 2416 paee
1442 2357 1498 2404 et
1522 2367 1620 2418 per
1649 2356 1895 2409 inducias
1920 2359 2091 2410 multa
2116 2363 2337 2416 nefaria

589 2444 837 2493 facinora
871 2444 1167 2508 fecissent,
1221 2453 1490 2506 nunquam
1528 2446 1630 2506 ipsi
1670 2457 1769 2507 per
1806 2425 2151 2501 occasionem
2194 2451 2335 2504 talia

588 2531 798 2595 fecere3
849 2533 1052 2598 magis,
1111 2531 1238 2594 quid
1290 2545 1351 2582 se
1402 2532 1627 2596 dignum
1676 2535 1857 2601 foret,
1907 2549 2063 2599 quam
2107 2541 2235 2602 quid
2270 2543 2335 2593 in

512 2621 576 2674 25
591 2620 719 2670 illos
771 2622 889 2674 iure
943 2621 1062 2674 fieri
1113 2623 1331 2686 posset,
1391 2621 1741 2684 quaerebant.
1811 2625 1927 2674 Hoc
1978 2627 2113 2678 item
2170 2631 2335 2683 vobis

585 2710 976 2772 providendum
1011 2712 1113 2775 est,
1152 2709 1207 2758 P.
1233 2706 1310 2773 0.,
1344 2721 1413 2758 ne
1444 2709 1567 2771 plus
1598 2712 1737 2773 apud
1762 2725 1861 2763 vos
1886 2714 2074 2766 valeat
2096 2717 2153 2766 P.
2176 2719 2334 2770 Len-

587 2796 692 2846 tuli
743 2802 800 2851 et
849 2802 1150 2852 ceterorum
1203 2795 1387 2846 scelus
1443 2812 1601 2862 quam
1652 2807 1843 2852 vostra
1897 2805 2135 2866 dignitas
2145 2821 2165 2871 3
2220 2819 2332 2860 neu

587 2885 765 2948 magis
817 2886 934 2934 irae
984 2886 1211 2937 vostrae
1263 2898 1425 2948 quam
1469 2890 1649 2940 famae
1700 2890 2017 2942 consulatis.
2086 2896 2228 2946 Nam
2276 2901 2330 2950 si

585 2971 750 3034 digna
785 2984 960 3035 poena
993 2987 1092 3036 pro
1133 2975 1297 3024 factis
1346 2968 1536 3026 eoruin
1582 2979 1883 3043 reperitur,
1940 2993 2141 3036 novom
2186 2997 2328 3038 con-

682 3201 744 3242 10.
773 3201 835 3240 m‘l
856 3201 906 3240 V.
935 3223 980 3232 —
1034 3203 1093 3246 11.
1123 3207 1327 3254 qutreyeae
1351 3204 1401 3246 V.
1430 3203 1484 3244 K.
1516 3227 1563 3238 -·
1613 3208 1673 3247 1³.
1714 3207 1989 3250 comana-une
2012 3212 2063 3252 G.
2093 3235 2139 3246 -
2193 3215 2255 3256 17.
2283 3223 2327 3256 ot

583 3269 752 3312 dvorsa
789 3269 838 3309 V.
869 3291 915 3302 —
965 3271 1027 3310 24.
1066 3274 1109 3310 in
1133 3272 1216 3312 illic
1239 3273 1292 3311 K.
1319 3293 1365 3304 -
1415 3274 1478 3313 25.
1518 3274 1607 3315 Hoc
1630 3274 1737 3314 idem
1758 3275 1813 3315 Κ.
1844 3297 1890 3308 -—
1940 3279 2004 3319 26.
2043 3281 2178 3322 valeat
2210 3285 2327 3334 apud

581 3350 646 3377 vos
671 3338 724 3380 Κ.
753 3360 800 3370 --
849 3338 912 3380 27.
939 3350 1034 3378 nove
1058 3341 1108 3380 V.
1139 3361 1184 3371 -
1233 3341 1301 3382 89.
1326 3343 1567 3390 τερα-ὅτεων
1592 3343 1641 3384 V.
1673 3363 1719 3376 -ο
1766 3355 1907 3386 novun
1930 3346 1983 3388 V.
2004 3347 2062 3390 K.

1004 3560 1344 3717 ..οἰκί’
1519 3646 1726 3731 *5³4

457 3768 617 3899 ρ.
684 3634 1082 3900 Ρ)
1455 3728 1773 3900 ti
