2525 3925
856 320 1272 375 EPISTOLAE.
1831 324 1938 375 201

192 468 275 519 Ea
306 466 442 519 mibi
476 468 665 519 omniu
686 470 995 531 generatim
1021 470 1318 519 discribere
1352 468 1490 519 haud
1527 468 1754 520 difficile
1787 471 1939 521 factu

191 560 330 623 fuit3
386 560 485 609 sed
534 558 685 619 prius
726 556 1081 607 laborandum
1119 560 1294 608 visum
1335 562 1419 608 est
1461 558 1528 606 de
1563 570 1768 608 summu
1803 570 1938 609 cou-

192 646 304 712 sili,
350 645 517 708 idque
550 647 649 696 tibi
685 646 1013 707 probandum
1048 658 1237 696 verum
1279 658 1420 697 esse.
1491 647 1552 696 Si
1595 647 1699 696 hoc
1739 646 1938 699 itinere

194 737 274 787 uti
322 736 665 798 decreveris,
730 738 917 784 cetera
960 736 1016 784 in
1069 739 1328 797 promptu
1380 739 1555 785 erunt.
1636 734 1784 785 Volo
1833 746 1938 798 ego

190 822 487 873 consilium
529 834 707 871 meum
750 823 985 885 prudens
1030 834 1396 885 maxumeque
1434 825 1554 873 usui
1587 836 1725 874 esse.
1797 822 1978 873 Num5

192 912 505 972 ubicunque
545 911 643 960 tibi
679 922 769 959 res
814 922 1075 973 prospere
1107 912 1294 978 cedet,
1343 913 1420 962 ibi
1456 912 1583 962 mibi
1621 914 1762 963 bona
1793 912 1941 963 fama

190 1000 435 1049 eveniet.
508 998 617 1047 Sed
652 1009 739 1047 me
780 997 881 1047 illu
928 1000 1103 1060 magis
1149 1000 1344 1060 cupido
1389 1007 1639 1067 exercet,
1681 1000 1762 1050 uti
1799 1011 1938 1062 quo-

192 1098 411 1149 cunque
436 1086 600 1137 modo
625 1099 783 1148 quam
807 1087 1035 1146 primum
1053 1098 1144 1137 res
1170 1086 1386 1148 publica
1407 1088 1698 1139 adiutetur.
1743 1088 1942 1138 Liber·-

190 1180 368 1225 tatem
402 1174 585 1238 gloria
618 1176 885 1224 cariorem
922 1176 1114 1241 babeo,
1149 1180 1311 1237 atque
1349 1188 1454 1240 ego
1492 1180 1546 1226 te
1583 1188 1684 1227 oro
1719 1175 1940 1227 bortor-

192 1276 335 1327 que,
378 1273 450 1313 ne
485 1261 839 1313 clarissumus
874 1266 1196 1331 imperator,
1234 1264 1457 1315 Gallica
1493 1271 1659 1329 gente
1691 1266 1937 1328 subacta,
1953 1258 2018 1318 10

190 1351 385 1414 populi
419 1352 648 1401 Romani
694 1363 956 1401 summum
1006 1358 1169 1413 atque
1214 1354 1480 1403 invictum
1525 1356 1806 1417 imperium
1853 1358 1944 1404 ta-

199 1441 435 1491 bescere
473 1443 747 1489 vetustate
782 1452 851 1489 ac
886 1452 985 1502 per
1014 1453 1284 1490 summum
1307 1442 1613 1493 socordiam
1636 1440 1804 1495 dilabi
1840 1454 1944 1505 pa-

198 1528 381 1579 tiaris.
452 1528 740 1591 Profecto,
790 1530 839 1577 si
875 1530 927 1577 id
960 1530 1209 1595 accidat,
1260 1542 1434 1592 neque
1481 1532 1579 1581 tibi
1620 1542 1732 1580 nox
1769 1542 1942 1593 neque

194 1616 323 1667 dies
362 1628 541 1665 curam
592 1617 761 1665 animi
801 1619 1081 1667 sedaverit
1099 1632 1117 1681 3
1168 1620 1298 1679 quin
1333 1620 1616 1668 insomniis
1651 1620 1942 1684 exercitus,

190 1704 520 1755 furibundus
555 1710 720 1767 atque
756 1716 940 1755 umens
982 1706 1223 1755 alienata
1254 1712 1436 1756 mente
1475 1708 1692 1757 feraris.
1762 1706 2016 1761 Nam-15

192 1806 301 1855 que
348 1792 481 1843 mibi
535 1805 633 1855 pro
680 1805 817 1843 vero
866 1796 1081 1844 constat
1126 1796 1363 1843 omnium
1418 1794 1722 1845 mortalium
1771 1796 1943 1844 vitum

198 1883 389 1931 divino
446 1884 662 1931 numine
709 1882 973 1947 invisier3
1024 1892 1203 1945 neque
1257 1884 1454 1933 bonum
1511 1894 1694 1945 neque
1736 1882 1942 1933 mulum

194 1971 416 2022 fucinus
464 1972 811 2032 quoiusquam
860 1984 960 2033 pro
1002 1971 1172 2021 nihilo
1216 1972 1435 2036 haberi,
1487 1974 1583 2022 sed
1629 1984 1699 2022 ex
1745 1976 1944 2024 natura

198 2060 385 2109 divisa
416 2061 661 2121 praemia
698 2061 867 2110 bonos
900 2058 1177 2123 malosque
1209 2061 1380 2122 sequi.
1448 2062 1670 2111 Interea
1701 2062 1847 2112 forte
1875 2071 1943 2113 eu

194 2148 409 2198 tardius
446 2149 780 2209 procedunt:
816 2160 947 2198 suus
982 2149 1215 2212 quoique
1246 2151 1458 2200 unimus
1493 2161 1564 2200 ex
1599 2151 1940 2202 conscientia
1951 2153 2022 2206 20

196 2247 355 2298 spem
394 2238 638 2298 praebet.

307 2321 515 2389 Quodsi
562 2330 743 2376 tecum
786 2328 969 2388 patria
1002 2332 1168 2389 utque
1216 2332 1476 2389 parentes
1518 2334 1740 2392 possent
1773 2330 1946 2392 loqui,

194 2414 421 2464 scilicet
448 2415 583 2464 haec
620 2414 715 2465 tibi
752 2414 1030 2466 dicerent:
1074 2413 1117 2464 Ο
1155 2413 1392 2482 Caesar,
1441 2429 1544 2466 nos
1570 2422 1626 2466 te
1658 2419 1946 2481 genuimus

198 2503 504 2554 fortissumi
540 2504 677 2568 viri,
730 2505 789 2552 in
834 2507 1059 2566 optuma
1102 2503 1263 2570 urbe,
1316 2503 1480 2553 decus
1515 2506 1947 2568 praesidiumque

196 2593 377 2653 nobis,
414 2592 661 2643 hostibus
686 2588 989 2642 terrorem!
1040 2587 1194 2655 Quae
1217 2591 1404 2642 multis
1440 2591 1718 2645 laboribus
1749 2595 1806 2642 et
1839 2603 1940 2654 ‘pe-
1953 2595 2020 2648 25

200 2679 399 2730 riculis
438 2691 757 2742 ceperamus
769 2715 787 2747 ,
836 2693 904 2730 cu
954 2681 1054 2730 tibi
1096 2682 1347 2730 nascenti
1391 2692 1512 2730 cum
1558 2682 1740 2732 anima
1785 2680 1950 2730 simul

199 2768 541 2832 tradidimus,
575 2769 808 2830 patriam
847 2781 1150 2820 maxumum
1186 2770 1245 2818 in
1283 2770 1443 2819 terris
1461 2805 1480 2834 ‚
1521 2770 1742 2818 domum
1776 2769 1945 2819 fami-

196 2857 439 2921 liamque
480 2859 537 2906 in
574 2858 755 2920 patria
789 2856 1170 2908 clarissumum
1186 2891 1202 2923 ‚
1256 2863 1546 2920 praeterea
1582 2859 1752 2908 bonus
1787 2859 1944 2921 artis,

296 3124 336 3162 1.
376 3118 613 3171 discribere]
640 3120 690 3158 V.
728 3119 952 3160 doncritere
988 3121 1036 3161 G.
1076 3143 1117 3152 -
1156 3118 1313 3171 factum
1338 3121 1388 3161 V.
1426 3141 1474 3150 --
1523 3123 1563 3161 8.
1593 3122 1704 3160 modo
1729 3120 1868 3174 quan]
1897 3123 1946 3164 V.

198 3189 314 3230 mdo
340 3195 378 3228 ee
404 3200 523 3237 quam
549 3189 599 3228 G.
630 3209 677 3220 -
703 3187 925 3240 adiutam]
952 3190 1004 3229 V.
1041 3189 1253 3228 adiuvetur
1280 3189 1328 3230 G.
1357 3209 1404 3218 —
1456 3188 1517 3229 1¹.
1546 3189 1789 3243 socordiam]
1815 3191 1866 3232 V.
1897 3191 1946 3232 G.

196 3257 445 3298 daneon-deam
471 3257 668 3296 Barnous.
698 3279 741 3288 —
780 3257 839 3296 17.
867 3255 1055 3309 invisior]
1080 3256 1129 3296 V.
1158 3258 1209 3298 G.
1237 3257 1361 3297 ιίιυὺί
1385 3257 1582 3298 Barnous.
1610 3279 1654 3290 -
1701 3259 1764 3300 19.
1795 3256 1948 3310 ‹110th

193 3328 249 3368 V.
276 3327 442 3368 dimna
469 3327 522 3366 G.
