2525 3925
605 331 678 382 ω
1146 327 1207 380 C.
1245 327 1546 381 SALUS'H
1580 326 1809 379 cmsl’i

607 481 866 532 tationem
898 481 956 528 et
987 489 1166 528 moras
1200 479 1424 527 senatus
1458 475 1801 526 contionibus
1834 471 2091 538 populum
2124 471 2195 523 ad
2230 475 2361 522 vin-

612 567 895 623 dicandum
929 567 1167 630 hortari,
1205 578 1454 627 monere,
1488 575 1559 614 ne
1594 577 1709 614 rem
1745 563 2041 626 publicam,
2076 573 2149 611 ne
2178 561 2364 612 liber-

613 659 778 708 tatem
811 668 962 707 suam
1003 657 1341 713 desererent,
1395 653 1565 702 multa
1612 654 1849 714 superba
1886 657 1944 702 et
1981 651 2234 701 crudelia
2273 653 2362 700 fa-

610 747 800 796 cinora
824 745 1126 794 nobilitatis
1149 741 1468 806 ostendere3
1506 753 1731 802 prorsus
1758 743 1999 791 intentus
2024 743 2170 790 omni
2197 743 2363 789 modo

565 833 784 896 5plebis
821 834 1053 883 animum
1091 831 1441 881 accendebat.
1495 829 1603 880 Sed
1640 831 1889 892 quoniam
1928 839 1998 878 ea
2030 832 2360 890 tempestate

605 922 811 972 Romae
847 921 1063 969 Memmi
1097 919 1355 969 facundia
1395 917 1548 968 clara
1593 917 1911 979 pollensque
1958 915 2092 979 fuit,
2152 919 2359 967 decere

607 1009 930 1058 existumavi
981 1019 1137 1056 unam
1185 1019 1254 1056 ex
1302 1011 1411 1057 tam
1463 1005 1645 1056 multis
1696 995 2020 1055 orationem'
2054 1007 2175 1055 eius
2227 1017 2359 1068 per-

604 1098 879 1160 scribere,
930 1107 998 1146 ac
1031 1097 1379 1156 potissumum
1419 1107 1487 1144 ea
1536 1093 1744 1160 dicam,
1801 1105 1940 1157 quae
1990 1096 2045 1142 in
2096 1097 2357 1145 contione

606 1186 730 1245 post
763 1184 990 1233 reditum
1027 1185 1242 1232 Bestiae
1276 1181 1640 1232 huiuscemodi
1678 1183 1861 1232 verbis
1898 1183 2173 1232 disseruit.

606 1359 840 1409 studium
894 1360 977 1408 rei
1034 1357 1285 1421 publicae
1336 1359 1515 1408 omnia
1566 1361 1825 1424 superet,
1882 1369 2017 1420 opes
2072 1361 2355 1425 factionis,

341 1277 601 1498 sm
723 1270 813 1319 81.
872 1271 1091 1320 «Multa
1132 1282 1218 1320 me
1264 1269 1617 1320 dehortantur
1652 1281 1687 1320 a
1722 1271 1913 1334 vobis,
1966 1266 2246 1337 Quirites,
2304 1276 2359 1321 ni

200 3607 505 3732 ff*

605 1449 795 1498 vostra
829 1448 1120 1514 patientia,
1171 1449 1258 1496 ius
1297 1445 1531 1510 nullum,
1584 1460 1651 1496 ac
1686 1459 1960 1510 maxume,
2011 1446 2153 1509 quod
2188 1449 2357 1497 inno-

609 1538 824 1586 centiae
864 1536 986 1597 plus
1020 1535 1254 1597 periculi
1290 1547 1445 1596 quam
1480 1535 1703 1585 lionoris
1738 1539 1837 1585 est.
1908 1535 2045 1586 Nam
2092 1535 2195 1586 illa
2232 1539 2357 1600 qui-

608 1627 726 1674 ‹lem
762 1626 914 1688 piget
949 1625 1161 1689 dicere,
1209 1623 1297 1672 liis
1337 1623 1496 1672 annis
1530 1621 1643 1672 XX.
1677 1635 1832 1686 quam
1866 1623 2101 1674 ludibrio
2136 1625 2355 1675 fueritis

534 1713 596 1766 15
610 1713 898 1776 superbiae
931 1723 1244 1777 pancorum,
1286 1723 1442 1774 quam
1476 1712 1635 1762 foede
1672 1723 1935 1774 quamque
1968 1704 2130 1761 inulti
2166 1715 2357 1774 perie-

603 1803 714 1851 rint
749 1803 920 1851 vostri
958 1799 1292 1866 defensores,
1327 1803 1388 1849 ut
1420 1801 1579 1850 vobis
1604 1801 1813 1850 animus
1836 1800 1903 1850 ab
1932 1801 2161 1864 ignavia
2186 1807 2353 1864 atque

603 1888 856 1938 socordia
892 1891 1183 1952 coni-uptus
1218 1891 1327 1952 sit,
1377 1890 1467 1952 qui
1502 1899 1571 1938 ne
1612 1899 1757 1938 nune
1790 1889 2035 1951 quidem,
2094 1891 2355 1957 qbnoxiis

602 1976 856 2043 inimicis,
893 1980 1205 2042 exsurgitis,
1241 1980 1404 2040 atque
1430 1980 1739 2029 etiamnunc
1768 1979 1971 2028 timetis
2002 1984 2119 2043 eos,
2157 1980 2357 2042 quibus

605 2064 765 2139 decet
789 2068 989 2116 terrori
1014 2078 1154 2116 esse.
1208 2067 1317 2115 Sed
1342 2078 1653 2128 quamquam
1679 2067 1813 2116 baec
1838 2066 1974 2117 talia
1995 2071 2141 2132 sunt,
2168 2074 2353 2120 tamen

529 2156 596 2211 20
609 2152 839 2203 obviam‘
871 2154 955 2202 ire
1002 2151 1258 2203 facilonis
1308 2156 1586 2221 potentiae
1632 2154 1843 2203 animus
1888 2156 2107 2219 subigit.
2183 2156 2355 2209 Certe

604 2252 710 2304 ego
742 2240 1080 2307 libertatem,
1135 2254 1275 2304 quae
1317 2242 1445 2292 mihi
1481 2255 1515 2292 a
1549 2246 1779 2305 parente
1824 2254 1947 2293 meo
1994 2244 2203 2295 tradita
2248 2254 2355 2309 est,

602 2314 885 2392 experiari
919 2342 1112 2380 verum
1146 2330 1201 2379 id
1237 2332 1445 2381 frustra
1480 2342 1549 2381 an
1584 2332 1652 2381 ob
1681 2342 1793 2380 rem
1820 2332 2037 2399 faciam,
2071 2334 2127 2382 in
2156 2342 2355 2387 vostra

600 2429 763 2467 manu
799 2416 961 2467 situm
995 2422 1097 2482 est,
1134 2415 1393 2482 Quirites.
1464 2420 1657 2481 Neque
1690 2430 1796 2481 ego
1826 2432 1931 2470 vos
1962 2420 2167 2486 hortor,
2200 2426 2355 2485 qnod

601 2518 768 2568 saepe
801 2506 1034 2556 maiores
1066 2508 1242 2557 vostri
1280 2510 1499 2574 fecere,
1530 2509 1609 2557 uti
1646 2510 1839 2557 contra
1878 2510 2109 2559 iniurias
2148 2516 2355 2563 armati

526 2600 592 2653 25
605 2595 763 2645 eatis.
829 2594 978 2644 Nihil
1019 2598 1109 2662 vi,
1146 2594 1279 2645 nibil
1316 2596 1625 2645 secessione
1660 2606 1795 2657 opus
1830 2598 1947 2647 est:
1994 2608 2221 2650 necesse
2264 2606 2359 2653 est

599 2684 810 2733 suomet
839 2683 944 2745 ipsi
975 2696 1128 2733 more
1158 2684 1488 2751 praecipites
1522 2688 1664 2733 eant.
1720 2682 1919 2735 Occiso
1952 2686 2033 2735 Ti.
2071 2686 2357 2755 Graccho,

601 2784 761 2835 quen
786 2784 1011 2835 regnum
1035 2783 1231 2834 parare
1263 2772 1505 2837 aiebant,
1538 2773 1592 2821 in
1618 2772 1826 2834 plebem
1854 2774 2148 2825 Romanam
2176 2788 2359 2840 quae-

601 2861 807 2908 stiones
839 2860 1058 2911 babitae
1092 2860 1235 2909 sunt.
1289 2856 1416 2909 Post
1454 2860 1519 2911 G.
1547 2862 1781 2911 Gracchi
1818 2864 1874 2911 et
1908 2864 1981 2911 Μ.
2008 2860 2174 2913 Fulvi
2214 2878 2357 2917 cae—

699 3114 1908 3167 t.oaiaeix.—s.aeanV..-qmv-u.
1948 3118 2351 3171 xxjvieaofiu..

599 3184 757 3225 Rursus
803 3186 970 3223 auctore
1015 3182 1128 3223 cotti
1131 3192 1156 3221 ο
1191 3180 1392 3223 rtet-im.
1462 3196 1529 3235 que
1514 3185 1682 3224 iudaeis·
1718 3184 1845 3226 Libri.
1884 3188 1933 3227 Β.
1971 3209 2019 3218 -
2098 3189 2158 3229 1ῦ.
2202 3190 2357 3245 indu]

598 3240 714 3292 mid
747 3250 798 3293 V.
839 3273 885 3283 -
937 3250 998 3291 11.
1038 3250 1196 3291 οόωοείι·
1229 3250 1287 3296 V.
1314 3272 1361 3282 -
1412 3252 1476 3294 19.
1516 3264 1584 3293 vos
1620 3252 1733 3293 ἀει-οε
1757 3254 1805 3294 V.
1848 3254 1999 3297 Britsii
2038 3258 2270 3311 incilicia.
2303 3259 2353 3293 -'—

598 3320 663 3362 w.
693 3318 1185 3373 myas-V.

1108 3631 1165 3672 .<-l

553 3703 695 3873 1
1088 3671 1236 3875 ii
