<?xml version="1.0" encoding="UTF-8"?>
<!DOCTYPE html PUBLIC "-//W3C//DTD XHTML 1.0 Transitional//EN"
    "http://www.w3.org/TR/xhtml1/DTD/xhtml1-transitional.dtd">
<html xmlns="http://www.w3.org/1999/xhtml" xml:lang="en" lang="en">
 <head>
  <title>
</title>
<meta http-equiv="Content-Type" content="text/html;charset=utf-8" />
  <meta name='ocr-system' content='tesseract 3.04.00' />
  <meta name='ocr-capabilities' content='ocr_page ocr_carea ocr_par ocr_line ocrx_word'/>
</head>
<body>
  <div class='ocr_page' id='page_1' title='image "./catilinaetiugur00livygoog_0259.png"; bbox 0 0 2525 3925; ppageno 0'>
   <div class='ocr_carea' id='block_1_1' title="bbox 854 316 2008 395">
    <p class='ocr_par' dir='ltr' id='par_1_1' title="bbox 854 316 2008 395">
     <span class='ocr_line' id='line_1_1' title="bbox 854 316 2008 395; baseline 0.007 -26"><span class='ocrx_word' id='word_1_1' title='bbox 854 318 1221 373; x_wconf 72' lang='lat' dir='ltr'><strong>msaoatm</strong></span> <span class='ocrx_word' id='word_1_2' title='bbox 1254 316 1410 395; x_wconf 57' lang='lat' dir='ltr'><strong>csta.</strong></span> <span class='ocrx_word' id='word_1_3' title='bbox 1895 324 2008 377; x_wconf 66' lang='lat' dir='ltr'><strong>esa</strong></span> 
     </span>
    </p>
   </div>
   <div class='ocr_carea' id='block_1_2' title="bbox 166 464 2010 618">
    <p class='ocr_par' dir='ltr' id='par_1_2' title="bbox 166 464 2010 618">
     <span class='ocr_line' id='line_1_2' title="bbox 166 464 2010 535; baseline 0.004 -22"><span class='ocrx_word' id='word_1_4' title='bbox 166 464 534 517; x_wconf 45' lang='lat' dir='ltr'><strong>*samnitibus</strong></span> <span class='ocrx_word' id='word_1_5' title='bbox 566 464 681 516; x_wconf 82' lang='lat' dir='ltr'><strong>suis</strong></span> <span class='ocrx_word' id='word_1_6' title='bbox 722 466 780 515; x_wconf 82' lang='lat' dir='ltr'><strong>in</strong></span> <span class='ocrx_word' id='word_1_7' title='bbox 816 477 1031 519; x_wconf 82' lang='lat' dir='ltr'><strong>erucem</strong></span> <span class='ocrx_word' id='word_1_8' title='bbox 1068 469 1318 523; x_wconf 78' lang='lat' dir='ltr'><strong>sublatus</strong></span> <span class='ocrx_word' id='word_1_9' title='bbox 1351 468 1457 517; x_wconf 82' lang='lat' dir='ltr'><strong>est.</strong></span> <span class='ocrx_word' id='word_1_10' title='bbox 1523 466 1727 519; x_wconf 79' lang='lat' dir='ltr'><strong>Atilius</strong></span> <span class='ocrx_word' id='word_1_11' title='bbox 1763 470 2010 535; x_wconf 77' lang='lat' dir='ltr'><strong>Regulus</strong></span> 
     </span>
     <span class='ocr_line' id='line_1_3' title="bbox 262 554 2006 618; baseline 0.003 -13"><span class='ocrx_word' id='word_1_12' title='bbox 262 554 463 607; x_wconf 84' lang='lat' dir='ltr'><strong>consul</strong></span> <span class='ocrx_word' id='word_1_13' title='bbox 500 556 662 605; x_wconf 81' lang='lat' dir='ltr'><strong>victis</strong></span> <span class='ocrx_word' id='word_1_14' title='bbox 698 555 887 608; x_wconf 75' lang='lat' dir='ltr'><strong>navali</strong></span> <span class='ocrx_word' id='word_1_15' title='bbox 921 556 1129 618; x_wconf 84' lang='lat' dir='ltr'><strong>proelio</strong></span> <span class='ocrx_word' id='word_1_16' title='bbox 1163 558 1360 609; x_wconf 83' lang='lat' dir='ltr'><strong>Poenis</strong></span> <span class='ocrx_word' id='word_1_17' title='bbox 1393 560 1454 609; x_wconf 83' lang='lat' dir='ltr'><strong>in</strong></span> <span class='ocrx_word' id='word_1_18' title='bbox 1491 556 1734 607; x_wconf 69' lang='lat' dir='ltr'><strong>Ati-icam</strong></span> <span class='ocrx_word' id='word_1_19' title='bbox 1773 560 2006 611; x_wconf 80' lang='lat' dir='ltr'><strong>traiecit.</strong></span> 
     </span>
    </p>
   </div>
   <div class='ocr_carea' id='block_1_3' title="bbox 898 737 1382 788">
    <p class='ocr_par' dir='ltr' id='par_1_3' title="bbox 898 737 1382 788">
     <span class='ocr_line' id='line_1_4' title="bbox 898 737 1382 788; baseline -0.004 -1"><span class='ocrx_word' id='word_1_20' title='bbox 898 738 1131 788; x_wconf 77' lang='lat' dir='ltr'><strong>Liber</strong></span> <span class='ocrx_word' id='word_1_21' title='bbox 1180 737 1382 787; x_wconf 84' lang='lat' dir='ltr'><strong>xvm.</strong></span> 
     </span>
    </p>
   </div>
   <div class='ocr_carea' id='block_1_4' title="bbox 150 854 2092 2973">
    <p class='ocr_par' dir='ltr' id='par_1_4' title="bbox 257 854 2082 1727">
     <span class='ocr_line' id='line_1_5' title="bbox 379 854 2006 920; baseline 0.004 -17"><span class='ocrx_word' id='word_1_22' title='bbox 379 854 580 905; x_wconf 81' lang='lat' dir='ltr'><strong>Atilius</strong></span> <span class='ocrx_word' id='word_1_23' title='bbox 633 854 879 918; x_wconf 84' lang='lat' dir='ltr'><strong>Regulus</strong></span> <span class='ocrx_word' id='word_1_24' title='bbox 932 856 991 904; x_wconf 89' lang='lat' dir='ltr'><strong>in</strong></span> <span class='ocrx_word' id='word_1_25' title='bbox 1044 855 1237 906; x_wconf 79' lang='lat' dir='ltr'><strong>Africa</strong></span> <span class='ocrx_word' id='word_1_26' title='bbox 1293 859 1600 917; x_wconf 84' lang='lat' dir='ltr'><strong>serpentem</strong></span> <span class='ocrx_word' id='word_1_27' title='bbox 1654 860 2006 920; x_wconf 69' lang='lat' dir='ltr'><strong>portentosae</strong></span> 
     </span>
     <span class='ocr_line' id='line_1_6' title="bbox 257 943 2046 1014; baseline 0.003 -19"><span class='ocrx_word' id='word_1_28' title='bbox 257 946 651 1009; x_wconf 81' lang='lat' dir='ltr'><strong>magnitudinis</strong></span> <span class='ocrx_word' id='word_1_29' title='bbox 688 956 807 993; x_wconf 86' lang='lat' dir='ltr'><strong>cum</strong></span> <span class='ocrx_word' id='word_1_30' title='bbox 840 956 1038 1007; x_wconf 87' lang='lat' dir='ltr'><strong>magna</strong></span> <span class='ocrx_word' id='word_1_31' title='bbox 1072 943 1303 993; x_wconf 85' lang='lat' dir='ltr'><strong>militum</strong></span> <span class='ocrx_word' id='word_1_32' title='bbox 1341 944 1499 995; x_wconf 89' lang='lat' dir='ltr'><strong>clade</strong></span> <span class='ocrx_word' id='word_1_33' title='bbox 1535 945 1757 1014; x_wconf 81' lang='lat' dir='ltr'><strong>occidit,</strong></span> <span class='ocrx_word' id='word_1_34' title='bbox 1793 952 1850 997; x_wconf 91' lang='lat' dir='ltr'><strong>et</strong></span> <span class='ocrx_word' id='word_1_35' title='bbox 1881 950 2046 1000; x_wconf 89' lang='lat' dir='ltr'><strong>cum5</strong></span> 
     </span>
     <span class='ocr_line' id='line_1_7' title="bbox 257 1029 2004 1099; baseline 0.002 -16"><span class='ocrx_word' id='word_1_36' title='bbox 257 1032 473 1095; x_wconf 81' lang='lat' dir='ltr'><strong>aliquot</strong></span> <span class='ocrx_word' id='word_1_37' title='bbox 507 1032 733 1095; x_wconf 83' lang='lat' dir='ltr'><strong>proeliis</strong></span> <span class='ocrx_word' id='word_1_38' title='bbox 770 1034 907 1083; x_wconf 89' lang='lat' dir='ltr'><strong>bene</strong></span> <span class='ocrx_word' id='word_1_39' title='bbox 942 1029 1207 1083; x_wconf 85' lang='lat' dir='ltr'><strong>adversus</strong></span> <span class='ocrx_word' id='word_1_40' title='bbox 1239 1034 1728 1099; x_wconf 77' lang='lat' dir='ltr'><strong>Karthaginienses</strong></span> <span class='ocrx_word' id='word_1_41' title='bbox 1763 1048 2004 1099; x_wconf 87' lang='lat' dir='ltr'><strong>pugnas-</strong></span> 
     </span>
     <span class='ocr_line' id='line_1_8' title="bbox 258 1124 2007 1189; baseline 0.002 -18"><span class='ocrx_word' id='word_1_42' title='bbox 258 1125 381 1187; x_wconf 82' lang='lat' dir='ltr'><strong>set,</strong></span> <span class='ocrx_word' id='word_1_43' title='bbox 430 1133 824 1183; x_wconf 86' lang='lat' dir='ltr'><strong>successorque</strong></span> <span class='ocrx_word' id='word_1_44' title='bbox 868 1124 921 1172; x_wconf 90' lang='lat' dir='ltr'><strong>ei</strong></span> <span class='ocrx_word' id='word_1_45' title='bbox 956 1135 989 1171; x_wconf 93' lang='lat' dir='ltr'><strong>a</strong></span> <span class='ocrx_word' id='word_1_46' title='bbox 1024 1126 1217 1172; x_wconf 86' lang='lat' dir='ltr'><strong>senatu</strong></span> <span class='ocrx_word' id='word_1_47' title='bbox 1260 1135 1519 1186; x_wconf 84' lang='lat' dir='ltr'><strong>prospere</strong></span> <span class='ocrx_word' id='word_1_48' title='bbox 1557 1124 1757 1173; x_wconf 88' lang='lat' dir='ltr'><strong>bellum</strong></span> <span class='ocrx_word' id='word_1_49' title='bbox 1791 1124 2007 1189; x_wconf 86' lang='lat' dir='ltr'><strong>gerenti</strong></span> 
     </span>
     <span class='ocr_line' id='line_1_9' title="bbox 259 1210 2005 1277; baseline 0.002 -18"><span class='ocrx_word' id='word_1_50' title='bbox 259 1222 375 1261; x_wconf 85' lang='lat' dir='ltr'><strong>non</strong></span> <span class='ocrx_word' id='word_1_51' title='bbox 412 1213 741 1277; x_wconf 82' lang='lat' dir='ltr'><strong>mitteretur,</strong></span> <span class='ocrx_word' id='word_1_52' title='bbox 776 1211 829 1259; x_wconf 91' lang='lat' dir='ltr'><strong>id</strong></span> <span class='ocrx_word' id='word_1_53' title='bbox 866 1213 1040 1272; x_wconf 89' lang='lat' dir='ltr'><strong>ipsum</strong></span> <span class='ocrx_word' id='word_1_54' title='bbox 1085 1224 1183 1273; x_wconf 89' lang='lat' dir='ltr'><strong>per</strong></span> <span class='ocrx_word' id='word_1_55' title='bbox 1221 1210 1437 1261; x_wconf 81' lang='lat' dir='ltr'><strong>litteras</strong></span> <span class='ocrx_word' id='word_1_56' title='bbox 1479 1212 1547 1263; x_wconf 87' lang='lat' dir='ltr'><strong>ad</strong></span> <span class='ocrx_word' id='word_1_57' title='bbox 1587 1217 1835 1263; x_wconf 88' lang='lat' dir='ltr'><strong>senatum</strong></span> <span class='ocrx_word' id='word_1_58' title='bbox 1871 1212 2005 1263; x_wconf 89' lang='lat' dir='ltr'><strong>mis-</strong></span> 
     </span>
     <span class='ocr_line' id='line_1_10' title="bbox 257 1300 2006 1364; baseline 0.002 -16"><span class='ocrx_word' id='word_1_59' title='bbox 257 1313 355 1349; x_wconf 86' lang='lat' dir='ltr'><strong>sas</strong></span> <span class='ocrx_word' id='word_1_60' title='bbox 394 1305 613 1362; x_wconf 87' lang='lat' dir='ltr'><strong>questus</strong></span> <span class='ocrx_word' id='word_1_61' title='bbox 647 1304 761 1362; x_wconf 85' lang='lat' dir='ltr'><strong>est,</strong></span> <span class='ocrx_word' id='word_1_62' title='bbox 797 1301 849 1347; x_wconf 88' lang='lat' dir='ltr'><strong>in</strong></span> <span class='ocrx_word' id='word_1_63' title='bbox 890 1302 1081 1361; x_wconf 87' lang='lat' dir='ltr'><strong>quibus</strong></span> <span class='ocrx_word' id='word_1_64' title='bbox 1118 1300 1260 1349; x_wconf 85' lang='lat' dir='ltr'><strong>inter</strong></span> <span class='ocrx_word' id='word_1_65' title='bbox 1299 1313 1494 1351; x_wconf 82' lang='lat' dir='ltr'><strong>causas</strong></span> <span class='ocrx_word' id='word_1_66' title='bbox 1530 1303 1746 1364; x_wconf 89' lang='lat' dir='ltr'><strong>petendi</strong></span> <span class='ocrx_word' id='word_1_67' title='bbox 1783 1312 2006 1351; x_wconf 89' lang='lat' dir='ltr'><strong>succes-</strong></span> 
     </span>
     <span class='ocr_line' id='line_1_11' title="bbox 257 1386 2082 1451; baseline 0.002 -13"><span class='ocrx_word' id='word_1_68' title='bbox 257 1390 407 1439; x_wconf 91' lang='lat' dir='ltr'><strong>soris</strong></span> <span class='ocrx_word' id='word_1_69' title='bbox 444 1392 564 1437; x_wconf 90' lang='lat' dir='ltr'><strong>erat</strong></span> <span class='ocrx_word' id='word_1_70' title='bbox 600 1388 739 1450; x_wconf 89' lang='lat' dir='ltr'><strong>quod</strong></span> <span class='ocrx_word' id='word_1_71' title='bbox 776 1386 990 1451; x_wconf 80' lang='lat' dir='ltr'><strong>agellus</strong></span> <span class='ocrx_word' id='word_1_72' title='bbox 1026 1390 1143 1438; x_wconf 89' lang='lat' dir='ltr'><strong>eius</strong></span> <span class='ocrx_word' id='word_1_73' title='bbox 1182 1403 1215 1438; x_wconf 88' lang='lat' dir='ltr'><strong>a</strong></span> <span class='ocrx_word' id='word_1_74' title='bbox 1246 1392 1603 1440; x_wconf 85' lang='lat' dir='ltr'><strong>mercenariis</strong></span> <span class='ocrx_word' id='word_1_75' title='bbox 1640 1392 1886 1440; x_wconf 89' lang='lat' dir='ltr'><strong>desertus</strong></span> <span class='ocrx_word' id='word_1_76' title='bbox 1911 1391 2082 1442; x_wconf 91' lang='lat' dir='ltr'><strong>es-10</strong></span> 
     </span>
     <span class='ocr_line' id='line_1_12' title="bbox 258 1472 2006 1545; baseline -0.001 -18"><span class='ocrx_word' id='word_1_77' title='bbox 258 1480 361 1527; x_wconf 88' lang='lat' dir='ltr'><strong>set.</strong></span> <span class='ocrx_word' id='word_1_78' title='bbox 438 1472 748 1540; x_wconf 81' lang='lat' dir='ltr'><strong>Quaerente</strong></span> <span class='ocrx_word' id='word_1_79' title='bbox 791 1477 984 1527; x_wconf 89' lang='lat' dir='ltr'><strong>deinde</strong></span> <span class='ocrx_word' id='word_1_80' title='bbox 1024 1478 1276 1545; x_wconf 87' lang='lat' dir='ltr'><strong>fortuna,</strong></span> <span class='ocrx_word' id='word_1_81' title='bbox 1327 1481 1386 1527; x_wconf 89' lang='lat' dir='ltr'><strong>ut</strong></span> <span class='ocrx_word' id='word_1_82' title='bbox 1433 1476 1685 1543; x_wconf 88' lang='lat' dir='ltr'><strong>magnum</strong></span> <span class='ocrx_word' id='word_1_83' title='bbox 1723 1480 2006 1541; x_wconf 87' lang='lat' dir='ltr'><strong>utriusque</strong></span> 
     </span>
     <span class='ocr_line' id='line_1_13' title="bbox 263 1566 2006 1631; baseline 0.001 -16"><span class='ocrx_word' id='word_1_84' title='bbox 263 1580 425 1617; x_wconf 85' lang='lat' dir='ltr'><strong>casus</strong></span> <span class='ocrx_word' id='word_1_85' title='bbox 463 1566 769 1628; x_wconf 86' lang='lat' dir='ltr'><strong>exemplum</strong></span> <span class='ocrx_word' id='word_1_86' title='bbox 800 1568 857 1614; x_wconf 91' lang='lat' dir='ltr'><strong>in</strong></span> <span class='ocrx_word' id='word_1_87' title='bbox 880 1566 1096 1630; x_wconf 86' lang='lat' dir='ltr'><strong>Regulo</strong></span> <span class='ocrx_word' id='word_1_88' title='bbox 1130 1568 1471 1631; x_wconf 83' lang='lat' dir='ltr'><strong>proderetur,</strong></span> <span class='ocrx_word' id='word_1_89' title='bbox 1507 1568 1775 1617; x_wconf 87' lang='lat' dir='ltr'><strong>arcessito</strong></span> <span class='ocrx_word' id='word_1_90' title='bbox 1802 1580 1836 1616; x_wconf 90' lang='lat' dir='ltr'><strong>a</strong></span> <span class='ocrx_word' id='word_1_91' title='bbox 1859 1568 2006 1617; x_wconf 84' lang='lat' dir='ltr'><strong>Kar-</strong></span> 
     </span>
     <span class='ocr_line' id='line_1_14' title="bbox 260 1654 2006 1727; baseline -0.002 -20"><span class='ocrx_word' id='word_1_92' title='bbox 260 1656 693 1721; x_wconf 85' lang='lat' dir='ltr'><strong>thaginiensibus</strong></span> <span class='ocrx_word' id='word_1_93' title='bbox 716 1654 1024 1717; x_wconf 87' lang='lat' dir='ltr'><strong>Xanthippo</strong></span> <span class='ocrx_word' id='word_1_94' title='bbox 1059 1656 1614 1705; x_wconf 84' lang='lat' dir='ltr'><strong>Lacedaemoniorum</strong></span> <span class='ocrx_word' id='word_1_95' title='bbox 1651 1656 1788 1727; x_wconf 86' lang='lat' dir='ltr'><strong>duee</strong></span> <span class='ocrx_word' id='word_1_96' title='bbox 1823 1657 2006 1703; x_wconf 85' lang='lat' dir='ltr'><strong>victus</strong></span> 
     </span>
    </p>

    <p class='ocr_par' dir='ltr' id='par_1_5' title="bbox 150 1742 2092 2973">
     <span class='ocr_line' id='line_1_15' title="bbox 178 1742 2006 1809; baseline -0.003 -14"><span class='ocrx_word' id='word_1_97' title='bbox 178 1743 474 1809; x_wconf 75' lang='lat' dir='ltr'><strong>499proelio</strong></span> <span class='ocrx_word' id='word_1_98' title='bbox 510 1748 568 1793; x_wconf 89' lang='lat' dir='ltr'><strong>et</strong></span> <span class='ocrx_word' id='word_1_99' title='bbox 608 1749 799 1806; x_wconf 89' lang='lat' dir='ltr'><strong>eaptus</strong></span> <span class='ocrx_word' id='word_1_100' title='bbox 839 1745 936 1792; x_wconf 90' lang='lat' dir='ltr'><strong>est.</strong></span> <span class='ocrx_word' id='word_1_101' title='bbox 1007 1745 1117 1793; x_wconf 86' lang='lat' dir='ltr'><strong>Res</strong></span> <span class='ocrx_word' id='word_1_102' title='bbox 1160 1742 1356 1792; x_wconf 88' lang='lat' dir='ltr'><strong>deinde</strong></span> <span class='ocrx_word' id='word_1_103' title='bbox 1405 1756 1440 1792; x_wconf 88' lang='lat' dir='ltr'><strong>a</strong></span> <span class='ocrx_word' id='word_1_104' title='bbox 1489 1742 1713 1791; x_wconf 89' lang='lat' dir='ltr'><strong>ducibus</strong></span> <span class='ocrx_word' id='word_1_105' title='bbox 1750 1742 2006 1793; x_wconf 88' lang='lat' dir='ltr'><strong>Romanis</strong></span> 
     </span>
     <span class='ocr_line' id='line_1_16' title="bbox 256 1830 2078 1896; baseline -0.001 -11"><span class='ocrx_word' id='word_1_106' title='bbox 256 1835 507 1885; x_wconf 87' lang='lat' dir='ltr'><strong>omnibus</strong></span> <span class='ocrx_word' id='word_1_107' title='bbox 545 1836 693 1883; x_wconf 86' lang='lat' dir='ltr'><strong>terra</strong></span> <span class='ocrx_word' id='word_1_108' title='bbox 728 1833 978 1894; x_wconf 88' lang='lat' dir='ltr'><strong>marique</strong></span> <span class='ocrx_word' id='word_1_109' title='bbox 1016 1843 1279 1893; x_wconf 86' lang='lat' dir='ltr'><strong>prospere</strong></span> <span class='ocrx_word' id='word_1_110' title='bbox 1325 1833 1514 1896; x_wconf 86' lang='lat' dir='ltr'><strong>gestas</strong></span> <span class='ocrx_word' id='word_1_111' title='bbox 1562 1830 2078 1883; x_wconf 82' lang='lat' dir='ltr'><strong>deformaverunt15</strong></span> 
     </span>
     <span class='ocr_line' id='line_1_17' title="bbox 176 1919 2004 1987; baseline -0.001 -15"><span class='ocrx_word' id='word_1_112' title='bbox 176 1924 550 1987; x_wconf 82' lang='lat' dir='ltr'><strong>502naufragia</strong></span> <span class='ocrx_word' id='word_1_113' title='bbox 590 1922 865 1972; x_wconf 86' lang='lat' dir='ltr'><strong>classium.</strong></span> <span class='ocrx_word' id='word_1_114' title='bbox 936 1920 1015 1970; x_wconf 77' lang='lat' dir='ltr'><strong>Ti.</strong></span> <span class='ocrx_word' id='word_1_115' title='bbox 1056 1919 1435 1971; x_wconf 84' lang='lat' dir='ltr'><strong>Coruncanius</strong></span> <span class='ocrx_word' id='word_1_116' title='bbox 1478 1922 1678 1982; x_wconf 84' lang='lat' dir='ltr'><strong>primus</strong></span> <span class='ocrx_word' id='word_1_117' title='bbox 1727 1932 1798 1970; x_wconf 86' lang='lat' dir='ltr'><strong>ex</strong></span> <span class='ocrx_word' id='word_1_118' title='bbox 1844 1919 2004 1984; x_wconf 81' lang='lat' dir='ltr'><strong>plebe</strong></span> 
     </span>
     <span class='ocr_line' id='line_1_18' title="bbox 259 2009 2003 2076; baseline -0.002 -14"><span class='ocrx_word' id='word_1_119' title='bbox 259 2013 511 2076; x_wconf 83' lang='lat' dir='ltr'><strong>pontifex</strong></span> <span class='ocrx_word' id='word_1_120' title='bbox 558 2014 824 2060; x_wconf 82' lang='lat' dir='ltr'><strong>maximus</strong></span> <span class='ocrx_word' id='word_1_121' title='bbox 864 2013 1082 2060; x_wconf 86' lang='lat' dir='ltr'><strong>creatus</strong></span> <span class='ocrx_word' id='word_1_122' title='bbox 1119 2016 1221 2060; x_wconf 89' lang='lat' dir='ltr'><strong>est.</strong></span> <span class='ocrx_word' id='word_1_123' title='bbox 1293 2009 1348 2060; x_wconf 88' lang='lat' dir='ltr'><strong>P.</strong></span> <span class='ocrx_word' id='word_1_124' title='bbox 1385 2011 1732 2071; x_wconf 82' lang='lat' dir='ltr'><strong>Sempronius</strong></span> <span class='ocrx_word' id='word_1_125' title='bbox 1772 2011 2003 2074; x_wconf 84' lang='lat' dir='ltr'><strong>Sophus,</strong></span> 
     </span>
     <span class='ocr_line' id='line_1_19' title="bbox 256 2096 2003 2164; baseline -0.002 -13"><span class='ocrx_word' id='word_1_126' title='bbox 256 2100 350 2151; x_wconf 80' lang='grc' dir='ltr'><strong>Μ’.</strong></span> <span class='ocrx_word' id='word_1_127' title='bbox 386 2101 644 2150; x_wconf 86' lang='lat' dir='ltr'><strong>Valerius</strong></span> <span class='ocrx_word' id='word_1_128' title='bbox 682 2100 949 2148; x_wconf 84' lang='lat' dir='ltr'><strong>Maximus</strong></span> <span class='ocrx_word' id='word_1_129' title='bbox 988 2110 1244 2148; x_wconf 83' lang='lat' dir='ltr'><strong>censores</strong></span> <span class='ocrx_word' id='word_1_130' title='bbox 1285 2111 1405 2148; x_wconf 91' lang='lat' dir='ltr'><strong>cum</strong></span> <span class='ocrx_word' id='word_1_131' title='bbox 1451 2101 1695 2148; x_wconf 85' lang='lat' dir='ltr'><strong>senatum</strong></span> <span class='ocrx_word' id='word_1_132' title='bbox 1733 2096 2003 2164; x_wconf 90' lang='lat' dir='ltr'><strong>legerent,</strong></span> 
     </span>
     <span class='ocr_line' id='line_1_20' title="bbox 260 2187 2003 2256; baseline -0.002 -15"><span class='ocrx_word' id='word_1_133' title='bbox 260 2189 522 2242; x_wconf 85' lang='lat' dir='ltr'><strong>tredecim</strong></span> <span class='ocrx_word' id='word_1_134' title='bbox 559 2191 751 2238; x_wconf 87' lang='lat' dir='ltr'><strong>senatu</strong></span> <span class='ocrx_word' id='word_1_135' title='bbox 798 2191 1083 2237; x_wconf 88' lang='lat' dir='ltr'><strong>moverunt</strong></span> <span class='ocrx_word' id='word_1_136' title='bbox 1099 2202 1116 2250; x_wconf 84' lang='lat'><em>3</em></span> <span class='ocrx_word' id='word_1_137' title='bbox 1172 2187 1406 2238; x_wconf 86' lang='lat' dir='ltr'><strong>lustrum.</strong></span> <span class='ocrx_word' id='word_1_138' title='bbox 1456 2189 1846 2256; x_wconf 89' lang='lat' dir='ltr'><strong>condiderunt,</strong></span> <span class='ocrx_word' id='word_1_139' title='bbox 1898 2200 2003 2251; x_wconf 89' lang='lat' dir='ltr'><strong>quo</strong></span> 
     </span>
     <span class='ocr_line' id='line_1_21' title="bbox 258 2273 2080 2341; baseline -0.004 -11"><span class='ocrx_word' id='word_1_140' title='bbox 258 2291 430 2330; x_wconf 88' lang='lat' dir='ltr'><strong>censa</strong></span> <span class='ocrx_word' id='word_1_141' title='bbox 482 2283 607 2328; x_wconf 84' lang='lat' dir='ltr'><strong>sunt</strong></span> <span class='ocrx_word' id='word_1_142' title='bbox 661 2277 861 2326; x_wconf 89' lang='lat' dir='ltr'><strong>civium</strong></span> <span class='ocrx_word' id='word_1_143' title='bbox 918 2279 1099 2338; x_wconf 84' lang='lat' dir='ltr'><strong>capita</strong></span> <span class='ocrx_word' id='word_1_144' title='bbox 1152 2276 1388 2326; x_wconf 86' lang='lat' dir='ltr'><strong>ducenta.</strong></span> <span class='ocrx_word' id='word_1_145' title='bbox 1439 2275 1739 2341; x_wconf 83' lang='lat' dir='ltr'><strong>nonaginta</strong></span> <span class='ocrx_word' id='word_1_146' title='bbox 1791 2273 2080 2339; x_wconf 84' lang='lat' dir='ltr'><strong>septem20</strong></span> 
     </span>
     <span class='ocr_line' id='line_1_22' title="bbox 179 2365 2004 2432; baseline -0.002 -14"><span class='ocrx_word' id='word_1_147' title='bbox 179 2369 415 2432; x_wconf 64' lang='lat' dir='ltr'><strong>mamilia</strong></span> <span class='ocrx_word' id='word_1_148' title='bbox 450 2370 794 2431; x_wconf 76' lang='lat' dir='ltr'><strong>septingenta</strong></span> <span class='ocrx_word' id='word_1_149' title='bbox 830 2369 1128 2429; x_wconf 83' lang='lat' dir='ltr'><strong>nonaginta</strong></span> <span class='ocrx_word' id='word_1_150' title='bbox 1164 2370 1386 2426; x_wconf 87' lang='lat' dir='ltr'><strong>septem.</strong></span> <span class='ocrx_word' id='word_1_151' title='bbox 1457 2365 1706 2429; x_wconf 83' lang='lat' dir='ltr'><strong>Regulus</strong></span> <span class='ocrx_word' id='word_1_152' title='bbox 1737 2366 1932 2413; x_wconf 88' lang='lat' dir='ltr'><strong>missus</strong></span> <span class='ocrx_word' id='word_1_153' title='bbox 1969 2376 2004 2414; x_wconf 83' lang='lat' dir='ltr'><strong>a</strong></span> 
     </span>
     <span class='ocr_line' id='line_1_23' title="bbox 256 2453 2002 2521; baseline -0.004 -15"><span class='ocrx_word' id='word_1_154' title='bbox 256 2455 810 2521; x_wconf 80' lang='lat' dir='ltr'><strong>Karthaginiensibus</strong></span> <span class='ocrx_word' id='word_1_155' title='bbox 848 2455 913 2504; x_wconf 88' lang='lat' dir='ltr'><strong>ad</strong></span> <span class='ocrx_word' id='word_1_156' title='bbox 957 2458 1233 2519; x_wconf 85' lang='lat' dir='ltr'><strong>senatum,</strong></span> <span class='ocrx_word' id='word_1_157' title='bbox 1287 2457 1346 2502; x_wconf 93' lang='lat' dir='ltr'><strong>ut</strong></span> <span class='ocrx_word' id='word_1_158' title='bbox 1387 2453 1454 2500; x_wconf 88' lang='lat' dir='ltr'><strong>de</strong></span> <span class='ocrx_word' id='word_1_159' title='bbox 1491 2465 1656 2515; x_wconf 87' lang='lat' dir='ltr'><strong>pace,</strong></span> <span class='ocrx_word' id='word_1_160' title='bbox 1711 2455 1767 2502; x_wconf 95' lang='lat' dir='ltr'><strong>et</strong></span> <span class='ocrx_word' id='word_1_161' title='bbox 1800 2453 1848 2500; x_wconf 92' lang='lat' dir='ltr'><strong>si</strong></span> <span class='ocrx_word' id='word_1_162' title='bbox 1885 2463 2002 2500; x_wconf 90' lang='lat' dir='ltr'><strong>eam</strong></span> 
     </span>
     <span class='ocr_line' id='line_1_24' title="bbox 150 2539 2003 2608; baseline -0.005 -10"><span class='ocrx_word' id='word_1_163' title='bbox 150 2575 157 2580; x_wconf 90' lang='lat'>-</span> <span class='ocrx_word' id='word_1_164' title='bbox 258 2559 371 2598; x_wconf 88' lang='lat' dir='ltr'><strong>non</strong></span> <span class='ocrx_word' id='word_1_165' title='bbox 409 2551 591 2608; x_wconf 84' lang='lat' dir='ltr'><strong>posset</strong></span> <span class='ocrx_word' id='word_1_166' title='bbox 633 2547 943 2606; x_wconf 86' lang='lat' dir='ltr'><strong>impetrare,</strong></span> <span class='ocrx_word' id='word_1_167' title='bbox 990 2543 1055 2591; x_wconf 91' lang='lat' dir='ltr'><strong>de</strong></span> <span class='ocrx_word' id='word_1_168' title='bbox 1091 2541 1328 2604; x_wconf 87' lang='lat' dir='ltr'><strong>captivis</strong></span> <span class='ocrx_word' id='word_1_169' title='bbox 1366 2539 1752 2590; x_wconf 83' lang='lat' dir='ltr'><strong>commutandis</strong></span> <span class='ocrx_word' id='word_1_170' title='bbox 1794 2543 2003 2604; x_wconf 87' lang='lat' dir='ltr'><strong>ageret,</strong></span> 
     </span>
     <span class='ocr_line' id='line_1_25' title="bbox 258 2628 2003 2693; baseline -0.006 -7"><span class='ocrx_word' id='word_1_171' title='bbox 258 2644 317 2689; x_wconf 90' lang='lat' dir='ltr'><strong>et</strong></span> <span class='ocrx_word' id='word_1_172' title='bbox 367 2639 486 2684; x_wconf 88' lang='lat' dir='ltr'><strong>iure</strong></span> <span class='ocrx_word' id='word_1_173' title='bbox 533 2636 763 2682; x_wconf 85' lang='lat' dir='ltr'><strong>iurando</strong></span> <span class='ocrx_word' id='word_1_174' title='bbox 812 2633 1104 2682; x_wconf 89' lang='lat' dir='ltr'><strong>adstrictus</strong></span> <span class='ocrx_word' id='word_1_175' title='bbox 1152 2631 1449 2681; x_wconf 88' lang='lat' dir='ltr'><strong>rediturum</strong></span> <span class='ocrx_word' id='word_1_176' title='bbox 1493 2641 1554 2678; x_wconf 90' lang='lat' dir='ltr'><strong>se</strong></span> <span class='ocrx_word' id='word_1_177' title='bbox 1593 2628 2003 2693; x_wconf 82' lang='lat' dir='ltr'><strong>Karthaginem,</strong></span> 
     </span>
     <span class='ocr_line' id='line_1_26' title="bbox 256 2715 2077 2783; baseline -0.005 -7"><span class='ocrx_word' id='word_1_178' title='bbox 256 2730 307 2776; x_wconf 85' lang='lat' dir='ltr'><strong>si</strong></span> <span class='ocrx_word' id='word_1_179' title='bbox 338 2725 658 2774; x_wconf 85' lang='lat' dir='ltr'><strong>commutari</strong></span> <span class='ocrx_word' id='word_1_180' title='bbox 685 2723 932 2783; x_wconf 85' lang='lat' dir='ltr'><strong>captivos</strong></span> <span class='ocrx_word' id='word_1_181' title='bbox 960 2733 1059 2770; x_wconf 91' lang='lat' dir='ltr'><strong>non</strong></span> <span class='ocrx_word' id='word_1_182' title='bbox 1089 2721 1404 2782; x_wconf 88' lang='lat' dir='ltr'><strong>placuisset,</strong></span> <span class='ocrx_word' id='word_1_183' title='bbox 1440 2721 1729 2780; x_wconf 89' lang='lat' dir='ltr'><strong>utrumque</strong></span> <span class='ocrx_word' id='word_1_184' title='bbox 1767 2718 1998 2780; x_wconf 83' lang='lat' dir='ltr'><strong>negandi</strong></span> <span class='ocrx_word' id='word_1_185' title='bbox 2014 2715 2077 2766; x_wconf 86' lang='lat'><strong>25</strong></span> 
     </span>
     <span class='ocr_line' id='line_1_27' title="bbox 256 2805 2004 2873; baseline -0.006 -7"><span class='ocrx_word' id='word_1_186' title='bbox 256 2819 459 2866; x_wconf 90' lang='lat' dir='ltr'><strong>auctor</strong></span> <span class='ocrx_word' id='word_1_187' title='bbox 495 2813 709 2862; x_wconf 88' lang='lat' dir='ltr'><strong>senatui</strong></span> <span class='ocrx_word' id='word_1_188' title='bbox 746 2811 865 2872; x_wconf 80' lang='lat' dir='ltr'><strong>fuit,</strong></span> <span class='ocrx_word' id='word_1_189' title='bbox 910 2815 977 2873; x_wconf 33' lang='lat' dir='ltr'><strong>et,</strong></span> <span class='ocrx_word' id='word_1_190' title='bbox 1010 2821 1127 2858; x_wconf 89' lang='lat' dir='ltr'><strong>cum</strong></span> <span class='ocrx_word' id='word_1_191' title='bbox 1170 2808 1274 2857; x_wconf 83' lang='lat' dir='ltr'><strong>fide</strong></span> <span class='ocrx_word' id='word_1_192' title='bbox 1311 2805 1581 2857; x_wconf 87' lang='lat' dir='ltr'><strong>custodita</strong></span> <span class='ocrx_word' id='word_1_193' title='bbox 1617 2818 1874 2868; x_wconf 84' lang='lat' dir='ltr'><strong>reversus</strong></span> <span class='ocrx_word' id='word_1_194' title='bbox 1915 2819 2004 2855; x_wconf 90' lang='lat' dir='ltr'><strong>es-</strong></span> 
     </span>
     <span class='ocr_line' id='line_1_28' title="bbox 252 2895 2092 2973; baseline -0.008 -17"><span class='ocrx_word' id='word_1_195' title='bbox 252 2909 365 2973; x_wconf 86' lang='lat' dir='ltr'><strong>set,</strong></span> <span class='ocrx_word' id='word_1_196' title='bbox 399 2902 668 2965; x_wconf 88' lang='lat' dir='ltr'><strong>supplicio</strong></span> <span class='ocrx_word' id='word_1_197' title='bbox 708 2913 741 2950; x_wconf 93' lang='lat' dir='ltr'><strong>a</strong></span> <span class='ocrx_word' id='word_1_198' title='bbox 778 2899 1320 2963; x_wconf 84' lang='lat' dir='ltr'><strong>Karthaginiensibus</strong></span> <span class='ocrx_word' id='word_1_199' title='bbox 1374 2899 1440 2948; x_wconf 90' lang='lat' dir='ltr'><strong>de</strong></span> <span class='ocrx_word' id='word_1_200' title='bbox 1477 2909 1543 2947; x_wconf 91' lang='lat' dir='ltr'><strong>eo</strong></span> <span class='ocrx_word' id='word_1_201' title='bbox 1577 2898 1793 2957; x_wconf 87' lang='lat' dir='ltr'><strong>sumpto</strong></span> <span class='ocrx_word' id='word_1_202' title='bbox 1829 2895 2004 2958; x_wconf 88' lang='lat' dir='ltr'><strong>periit.</strong></span> <span class='ocrx_word' id='word_1_203' title='bbox 2083 2905 2092 2920; x_wconf 78' lang='lat'><strong><em>‘</em></strong></span> 
     </span>
    </p>
   </div>
   <div class='ocr_carea' id='block_1_5' title="bbox 254 3061 2075 3372">
    <p class='ocr_par' dir='ltr' id='par_1_6' title="bbox 254 3061 2075 3372">
     <span class='ocr_line' id='line_1_29' title="bbox 915 3061 1466 3143; baseline -0.007 0"><span class='ocrx_word' id='word_1_204' title='bbox 915 3061 1151 3143; x_wconf 27' lang='grc' dir='ltr'><strong>Ιι-ἰΙ-ιεοι·</strong></span> <span class='ocrx_word' id='word_1_205' title='bbox 1207 3061 1390 3140; x_wconf 56' lang='grc' dir='ltr'><strong>Χῐὶξ.’</strong></span> <span class='ocrx_word' id='word_1_206' title='bbox 1461 3063 1466 3066; x_wconf 26' lang='lat'>¹</span> 
     </span>
     <span class='ocr_line' id='line_1_30' title="bbox 368 3209 2004 3288; baseline -0.005 -22"><span class='ocrx_word' id='word_1_207' title='bbox 368 3213 642 3266; x_wconf 80' lang='lat' dir='ltr'><strong>Caecilius</strong></span> <span class='ocrx_word' id='word_1_208' title='bbox 682 3211 941 3280; x_wconf 83' lang='lat' dir='ltr'><strong>Metellus</strong></span> <span class='ocrx_word' id='word_1_209' title='bbox 972 3212 1135 3262; x_wconf 86' lang='lat' dir='ltr'><strong>rebus</strong></span> <span class='ocrx_word' id='word_1_210' title='bbox 1176 3209 1442 3260; x_wconf 82' lang='lat' dir='ltr'><strong>adversus</strong></span> <span class='ocrx_word' id='word_1_211' title='bbox 1487 3209 1696 3288; x_wconf 83' lang='lat' dir='ltr'><strong>Poenos</strong></span> <span class='ocrx_word' id='word_1_212' title='bbox 1743 3219 2004 3270; x_wconf 83' lang='lat' dir='ltr'><strong>prospere</strong></span> 
     </span>
     <span class='ocr_line' id='line_1_31' title="bbox 254 3297 2075 3372; baseline -0.007 -14"><span class='ocrx_word' id='word_1_213' title='bbox 254 3307 433 3372; x_wconf 76' lang='lat' dir='ltr'><strong>gestis</strong></span> <span class='ocrx_word' id='word_1_214' title='bbox 456 3305 767 3368; x_wconf 79' lang='lat' dir='ltr'><strong>speciosum</strong></span> <span class='ocrx_word' id='word_1_215' title='bbox 804 3303 919 3365; x_wconf 79' lang='lat' dir='ltr'><strong>egit</strong></span> <span class='ocrx_word' id='word_1_216' title='bbox 956 3300 1296 3365; x_wconf 77' lang='lat' dir='ltr'><strong>triumphum,</strong></span> <span class='ocrx_word' id='word_1_217' title='bbox 1337 3299 1596 3350; x_wconf 81' lang='lat' dir='ltr'><strong>tredecim</strong></span> <span class='ocrx_word' id='word_1_218' title='bbox 1637 3297 1862 3350; x_wconf 78' lang='lat' dir='ltr'><strong>ducibus</strong></span> <span class='ocrx_word' id='word_1_219' title='bbox 1899 3297 1996 3346; x_wconf 82' lang='lat' dir='ltr'><strong>ho·</strong></span> <span class='ocrx_word' id='word_1_220' title='bbox 2011 3305 2075 3352; x_wconf 83' lang='lat'><strong>30</strong></span> 
     </span>
    </p>
   </div>
  </div>
 </body>
</html>
