2525 3925
634 299 705 350 30
1172 293 1230 348 C.
1273 294 1575 352 SALUSTI
1609 290 1838 346 cmsm

726 445 819 495 43.
868 445 943 494 At
976 447 1185 496 Romae
1218 443 1486 496 Lentulus
1525 456 1652 494 cum
1689 443 1916 510 ceteris,
1969 441 2062 504 qui
2096 441 2369 504 principes

636 535 1021 585 coniurationis
1049 537 1221 598 erant,
1262 535 1492 600 paratis,
1527 538 1586 583 ut
1611 532 1916 596 videbatur,
1945 533 2162 594 magnis
2183 532 2370 594 copiis,

634 625 1061 687 constituerant,
1092 625 1372 686 ntiquom
1411 620 1650 672 Catilina
1681 623 1738 670 in
1775 633 1970 683 agrum
2003 619 2370 670 Faesulanum

634 725 759 762 cum
800 714 1041 764 exercitu
1084 712 1358 778 venisset,
1410 711 1474 762 L.
1509 712 1694 760 Bestia
1729 711 1972 760 tribunus
2025 707 2204 770 plebis
2243 721 2372 758 con-

592 805 622 856 5
641 802 785 851 tione
814 800 997 850 habita
1034 803 1355 862 quereretur
1379 800 1444 848 de
1469 800 1770 850 actionibus
1793 795 2094 860 Ciceronis,
2135 795 2374 858 bellique

630 890 963 952 gravissumi
998 889 1261 938 invidiam
1287 892 1511 950 optumo
1539 887 1749 937 consuli
1773 889 2086 950 inponeret3
2125 898 2192 936 eo
2219 886 2372 948 signo

632 989 899 1040 proxuma
954 979 1117 1025 nocte
1173 980 1360 1026 cetera
1411 977 1700 1028 multitudo
1768 976 2162 1026 coniurationis
2217 985 2373 1024 suum

635 1067 864 1128 quisque
897 1065 1174 1128 negotium
1202 1068 1610 1127 exsequeretur.
1663 1065 1768 1114 Sed
1793 1077 1860 1114 ea
1883 1065 2059 1114 divisa
2082 1063 2186 1114 hoc
2215 1064 2373 1112 modo

633 1154 977 1202 dicebantur:
1020 1153 1272 1202 Statilius
1307 1157 1362 1202 et
1400 1154 1659 1204 Gabinius
1697 1155 1777 1204 uti
1813 1166 1936 1204 cum
1973 1165 2174 1215 magna
2211 1163 2372 1200 manu

559 1245 623 1296 10
638 1241 921 1292 duodecim
958 1241 1122 1290 simul
1158 1246 1465 1303 opportuna
1497 1242 1624 1292 loca
1661 1242 1810 1290 urbis
1845 1241 2234 1305 incenderent,
2275 1251 2375 1302 quo

634 1331 872 1382 tumultu
907 1331 1127 1380 facilior
1162 1333 1339 1380 aditus
1375 1331 1442 1379 ad
1482 1329 1760 1380 consulem
1795 1333 2144 1394 ceterosque,
2183 1329 2376 1390 quibus

632 1419 863 1470 insidiae
899 1422 1259 1484 parabantur,
1297 1419 1478 1483 fieret3
1534 1417 1806 1482 Cethegus
1837 1415 2118 1469 Ciceronis
2152 1418 2373 1468 ianuam

632 1509 909 1558 obsideret
946 1520 1181 1570 eumque
1217 1509 1276 1558 vi
1311 1507 1734 1573 adgrederetur,
1773 1507 1914 1556 alius
1951 1509 2134 1556 autem
2172 1507 2344 1556 alium
2355 1522 2373 1570 3

632 1595 729 1646 sed
766 1596 869 1646 filii
904 1597 1263 1664 familiarum,
1305 1585 1534 1658 quorum
1565 1609 1634 1646 ex
1656 1596 1940 1646 nobilitate
1965 1608 2224 1644 maxuma
2250 1608 2374 1657 pars

477 1716 483 1723 ·
559 1687 619 1740 15
637 1689 785 1750 erat,
841 1689 1095 1749 parentes
1142 1686 1540 1749 interficerent,
1597 1685 1763 1735 simul
1810 1685 1974 1734 caede
2017 1686 2074 1734 et
2122 1685 2374 1734 incendio

629 1776 900 1836 perculsis
926 1776 1193 1842 omnibuS,
1230 1777 1299 1826 ad
1325 1772 1618 1825 Catilinam
1653 1775 2017 1834 erumperent.
2068 1775 2222 1822 Inter
2243 1773 2374 1822 haee

630 1867 823 1925 parata
868 1869 1035 1928 atque
1089 1868 1312 1916 decreta
1348 1861 1618 1926 Cethegus
1665 1875 1884 1924 semper
1932 1862 2266 1923 querebatur
2311 1862 2374 1910 de

627 1953 852 2017 ignavia
902 1956 1181 2005 sociorum
1198 1970 1215 2017 3
1265 1953 1394 2004 illos
1446 1953 1736 2001 dubitando
1781 1957 1838 2003 et
1883 1950 1998 2001 dies
2050 1951 2373 2012 prolatando

630 2054 860 2105 magnas
887 2044 1320 2102 opportunitates
1354 2051 1732 2107 conrumpere,
1768 2043 1934 2103 facto,
1971 2052 2078 2089 non
2106 2039 2374 2105 consulto,

553 2129 621 2180 20
635 2130 690 2179 in
729 2128 829 2179 tali
862 2128 1107 2191 periculo
1146 2142 1283 2191 opus
1321 2140 1470 2194 esse,
1506 2141 1702 2191 seque,
1747 2131 1796 2179 si
1832 2130 1994 2192 pauci
2031 2129 2376 2193 adiuvarent,

623 2217 1007 2282 languentibus
1042 2219 1185 2285 aliis,
1214 2218 1460 2281 inpetum
1484 2218 1540 2267 in
1568 2219 1778 2267 curiam
1815 2218 2103 2266 facturum.
2163 2218 2375 2267 Natura

625 2305 803 2371 ferox,
840 2307 1169 2370 vehemens,
1202 2320 1366 2357 manu
1407 2310 1692 2370 promptus
1729 2309 1849 2356 erat
1861 2322 1880 2371 3
1917 2318 2237 2355 maxumum
2274 2306 2372 2357 bo-

624 2406 756 2443 num
793 2397 852 2445 in
891 2395 1178 2455 celeritate
1202 2398 1456 2459 putabat.

694 2482 786 2533 44.
843 2483 951 2533 Sed
986 2483 1316 2549 Allobroges
1365 2499 1434 2535 cx
1470 2486 1766 2551 praecepto
1803 2480 2083 2534 Ciceronis
2121 2496 2223 2545 per
2261 2484 2372 2535 Ga-

548 2570 613 2621 25
628 2574 833 2626 binium
870 2575 1082 2624 ceteros
1124 2577 1488 2637 conveniunt3
1526 2575 1594 2623 ab
1632 2572 1896 2639 Lentulo,
1931 2569 2203 2638 Cethego,
2245 2574 2373 2622 Sta-

625 2663 774 2730 tilio,
810 2666 944 2713 item
971 2660 1159 2713 Cassio
1187 2662 1468 2725 postulant
1490 2663 1891 2728 iusiurandum,
1930 2662 2070 2723 quod
2095 2663 2370 2724 signatum

594 2751 689 2800 ·ad
737 2752 874 2801 civis
912 2734 1247 2815 'perferant3
1299 2749 1464 2799 aliter
1511 2751 1648 2801 haud
1695 2750 1860 2801 facile
1909 2762 2002 2799 eos
2049 2750 2116 2798 ad
2163 2754 2371 2801 tantum

621 2841 899 2903 negotium
947 2840 1141 2901 inpelli
1190 2851 1369 2901 posse.
1445 2836 1624 2889 Ceteri
1664 2838 1797 2889 nihil
1833 2839 2176 2899 suspicantes
2211 2838 2370 2903 dant3

626 2924 847 2974 Cassius
886 2932 1061 2976 semet
1097 2940 1161 2976 eo
1200 2928 1358 2977 brevi
1393 2931 1683 2977 venturum
1721 2926 2021 2989 pollicetur
2070 2940 2136 2977 ac
2181 2927 2368 2988 paullo

545 3012 756 3064 30ante
797 3014 1009 3077 legatos
1052 3026 1120 3063 ex
1164 3019 1296 3067 urbe
1343 3016 1722 3077 proficiscitur.
1794 3015 2059 3065 Lentulus
2108 3028 2234 3065 cum
2289 3018 2368 3067 his

718 3228 757 3269 2.
793 3226 1025 3267 videbantur
1058 3227 1109 3267 K.
1148 3248 1197 3259 -
1245 3230 1287 3269 3.
1325 3232 1586 3270 constituerat
1626 3230 1677 3271 V.
1717 3250 1767 3261 ·-
1823 3231 1866 3271 ὅ.
1906 3236 2208 3282 conquereretur
2243 3232 2295 3272 V.
2323 3250 2376 3261 —

622 3292 685 3335 29.
714 3301 917 3335 venem-um
944 3294 1053 3335 brevi
1078 3296 1128 3335 V.
