2525 3925
638 279 925 332 BELLUM
964 256 1506 332 mammazas
1859 281 1935 330 ω

184 437 467 489 quaerere
483 459 501 493 ,
532 427 809 478 extremae
842 427 1145 478 dementiae
1178 429 1262 476 est
1273 441 1294 492 3
1333 428 1444 476 nisi
1474 427 1617 478 forte
1656 437 1814 492 quem
1847 429 1938 478 in—

180 517 427 564 honesta
460 517 519 564 et
554 517 859 576 perniciosa
892 514 1077 565 lubido
1116 519 1293 582 tenet,
1333 517 1610 578 potentiae
1647 528 1938 580 paucorum

182 605 375 654 decus·
394 604 561 665 atque
601 603 907 655 libertatem
944 616 1097 654 suam
1129 603 1450 668 gratificari.

292 691 351 741 4.
409 689 661 742 Ceterum
706 703 774 742 ex
818 692 947 742 aliis
993 695 1258 760 negotiis,
1309 705 1447 756 quae
1501 695 1724 756 ingenio
1774 705 1936 744 exer·-

124 815 131 819 -
184 785 421 845 centur,
446 783 503 829 in
540 781 727 842 primis
760 793 959 844 magno
996 783 1117 830 usui
1142 784 1227 831 est
1260 783 1520 832 memoria
1539 793 1723 832 rerum
1747 783 1976 845 gesta-5

180 882 341 920 rum:
380 869 577 931 quoius
600 869 669 918 de
697 869 901 919 virtute
923 872 1051 932 quia
1070 869 1227 920 multi
1252 869 1458 936 dixere,
1490 871 1938 932 praetereundum

185 962 359 1020 put03
420 957 581 1006 simul
621 969 691 1006 ne
736 970 857 1019 per-
878 959 1223 1008 insolentiam
1264 959 1387 1020 quis
1423 959 1712 1009 existumet
1743 962 1939 1008 memet

186 1045 433 1096 studium
484 1057 661 1095 meum
713 1045 985 1096 laudando
1040 1046 1322 1096 extollere.
1390 1047 1574 1110 Atque
1619 1057 1722 1112 ego
1770 1046 1937 1096 oredo

188 1136 351 1201 fore,
408 1135 531 1197 qui,
585 1135 713 1196 quia
758 1135 981 1184 decrevi
1031 1135 1221 1197 procul
1273 1147 1308 1186 a
1353 1147 1416 1184 re
1450 1135 1670 1197 publica
1703 1137 1939 1186 aetatem

192 1235 391 1286 agere,
444 1226 597 1272 tanto
642 1226 859 1285 tamque
907 1224 1031 1274 utili
1078 1221 1254 1274 labori
1301 1235 1422 1272 meo
1473 1235 1668 1274 nomen
1705 1225 1936 1274 inertiae
1951 1229 2017 1282 10

190 1312 485 1374 inponant:
528 1314 695 1375 certe,
735 1312 929 1373 quibus
961 1313 1512 1362 maxuma-industria
1533 1313 1752 1362 videtur
1783 1311 1942 1363 salu·-

192 1406 315 1450 tare
348 1400 563 1462 plebem
604 1403 663 1450 et
696 1400 967 1452 conviviis
1000 1403 1235 1462 gratiam
1274 1413 1559 1465 quaerere.
1624 1396 1730 1463 Qui
1763 1402 1816 1449 si
1849 1411 1943 1450 re-

194 1491 533 1554 putaverint,
570 1491 627 1538 et
662 1491 855 1551 quibus
892 1501 995 1552 ego
1030 1491 1362 1554 temporibus
1398 1491 1774 1552 magistratum
1809 1491 1944 1539 ade-

192 1583 319 1640 ptus
358 1591 512 1640 sum,
556 1582 613 1626 et
650 1577 841 1640 quales
874 1579 983 1628 viri
1015 1580 1154 1628 idem
1192 1580 1424 1642 adsequi
1457 1579 1838 1643 nequiverint,
1867 1580 1943 1626 .et

194 1671 393 1729 postea
430 1679 571 1729 quae
604 1679 809 1730 genera
855 1668 1123 1716 hominum
1168 1670 1225 1717 in
1275 1671 1522 1718 senatum
1569 1668 2016 1731 pervenerint,15

194 1757 445 1818 profecto
484 1757 885 1806 existumabunt
916 1768 1003 1804 me
1046 1757 1223 1819 magis
1269 1757 1464 1805 merito
1513 1767 1672 1817 quam
1719 1754 1943 1816 ignavia

194 1847 455 1894 iudicium
490 1845 657 1894 animi
690 1845 797 1894 mei
838 1845 1153 1910 mutavisse,
1189 1845 1472 1905 maiusque
1509 1841 1840 1892 commodum
1873 1855 1944 1892 ex

194 1937 305 1987 otio
342 1945 467 1985 meo
506 1945 669 1996 quam
704 1945 775 1983 ex
814 1933 1049 1984 aliorum
1096 1935 1333 1998 negotiis
1379 1933 1466 1983 rei
1514 1931 1764 1995 publicae
1805 1941 1944 1981 ven-

194 2030 393 2075 turum.
462 2024 603 2073 Nam
641 2034 807 2085 saepe
840 2036 945 2087 ego
978 2022 1201 2089 audivi,
1237 2019 1304 2086 Q.
1339 2026 1685 2083 Maxumum,
1721 2021 1780 2069 P.
1817 2021 1954 2071 Sci-

196 2115 413 2176 pionem
434 2146 452 2177 ,
511 2114 797 2173 praeterea
852 2114 1093 2162 civitatis
1144 2115 1367 2161 nostrae
1417 2110 1735 2173 praeclaros
1786 2112 2020 2165 viroszo

196 2202 395 2252 solitos
428 2201 513 2251 ita
554 2199 757 2266 dicere,
792 2212 949 2263 quom
982 2202 1247 2251 maiorum
1275 2200 1548 2263 imagines
1581 2201 1940 2261 intuerentur,
2086 2178 2098 2188 ⁵

197 2290 691 2341 vehementissume
713 2289 818 2337 sibi
852 2289 1087 2339 animum
1122 2291 1191 2339 ad
1224 2290 1484 2339 virtutem
1523 2284 1768 2337 accendi.
1821 2286 1946 2337 Sci-

198 2378 333 2429 licet
363 2388 474 2427 non
498 2388 679 2427 ceram
701 2376 855 2425 illam
882 2389 1061 2439 neque
1084 2377 1312 2439 figuram
1346 2380 1552 2427 tantam
1583 2377 1695 2425 vim
1731 2377 1790 2423 in
1821 2384 1946 2425 sese

198 2467 435 2532 habere,
488 2464 585 2515 sed
638 2468 897 2516 memoria
942 2477 1121 2515 rerum
1172 2468 1455 2527 gestarum
1503 2478 1630 2515 eam
1681 2466 1945 2515 flammam

200 2557 447 2620 egregiis
480 2556 619 2604 viris
650 2555 709 2602 in
750 2556 972 2615 pectore
1022 2566 1274 2605 creseere
1317 2564 1499 2614 neque
1543 2554 1693 2614 prius
1739 2553 1940 2617 sedari,
1953 2556 2020 2609 25
2071 2548 2076 2555 '

198 2656 361 2707 quam
398 2646 577 2693 virtus
608 2654 797 2695 eorum
828 2645 1029 2693 famam
1062 2645 1229 2705 atque
1269 2641 1504 2705 gloriam
1535 2639 1946 2702 adaequaverit.

198 2736 277 2785 At
314 2734 535 2795 contra,
594 2734 715 2807 quis
750 2734 837 2781 est
867 2733 1101 2781 omnium
1133 2732 1218 2782 bis
1248 2731 1518 2795 moribus,
1573 2730 1702 2791 quin
1737 2726 1948 2777 divitiis

202 2827 265 2874 et
284 2822 607 2887 sumptibus,
640 2832 747 2871 non
772 2821 1043 2881 probitate
1068 2832 1243 2883 neque
1277 2821 1546 2871 industria
1569 2830 1690 2867 cum
1725 2816 1950 2867 maiori-

204 2914 304 2963 bus
326 2912 444 2961 suis
470 2902 803 2961 contendat?
850 2910 1030 2961 Etiam
1064 2910 1310 2961 homines
1343 2910 1494 2974 novi,
1529 2908 1624 2970 qui
1653 2910 1818 2958 antea
1851 2918 1951 2969 per

202 3001 463 3051 virtutem
498 2998 652 3049 soliti
686 3001 843 3049 erant
872 2998 1215 3051 nobilitatem
1256 2999 1610 3063 antevenire,
1665 2998 1852 3048 furtim
1893 2999 1948 3047 et
1960 2999 2026 3051 30

305 3217 343 3257 4.
372 3228 423 3255 ez·
446 3216 499 3254 iis
522 3215 689 3264 nogotiis
713 3214 762 3254 V.
797 3236 840 3245 -
892 3214 953 3255 18.
982 3216 1237 3263 magian-am
1260 3214 1313 3254 K.
1343 3237 1386 3246 —
1426 3214 1487 3253 14.
1513 3214 1627 3265 sm]
1655 3214 1791 3255 Turio.
1820 3212 1871 3252 V.
1889 3211 1940 3251 K.

202 3289 285 3325 eim
309 3286 355 3325 G.
384 3304 429 3313 —-
481 3285 545 3325 1⁹.
572 3295 653 3324 om.
683 3296 753 3333 eqo
774 3282 927 3325 Kritnii
946 3282 1177 3335 mostata.
1206 3306 1249 3315 -·
1302 3283 1366 3324 2⁷.
1401 3284 1470 3335 qui
1491 3294 1568 3321 noa
1592 3283 1643 3323 V.
