2525 3925
533 342 640 393 sos
1075 320 1437 389 nortuum
1470 336 1532 387 Τ.
1568 337 1749 389 mvn

537 487 772 551 teretur,
805 486 862 535 in
901 496 1184 536 commune
1222 484 1315 537 lex
1346 484 1465 535 lata
1500 486 1616 548 est,
1655 495 1727 533 ne
1762 482 1851 533 cui
1884 482 2009 545 regi
2042 482 2278 533 Roman

533 574 726 625 venire
763 573 980 624 liceret.
1051 570 1307 621 Claudius
1330 572 1628 625 Marcellus
1659 569 1852 623 consul
1874 570 2113 633 Alpinos
2136 572 2352 621 Gal-⁵88

533 664 652 730 los,
701 661 758 712 C.
797 661 1069 724 Sulpicius
1107 660 1303 711 Gallus
1348 660 1545 711 consul
1576 662 1813 723 Ligures
1858 662 2094 722 subegit.
2164 662 2281 709 Le-

533 754 652 817 gati
675 753 900 803 Prusiae
934 751 1084 815 regis
1121 751 1401 812 conquesti
1426 755 1555 799 sunt
1576 750 1643 799 de
1661 750 1923 814 Eumene,
1962 750 2107 811 quod
2142 748 2281 799 fines

491 841 666 891 5suos
717 839 1106 907 popularetur,
1171 838 1525 900 dixeruntque
1576 850 1698 887 euni
1752 838 2105 900 conspirasse
2156 850 2282 887 cun

534 928 805 980 Antiocho
874 932 1062 978 contra
1125 928 1381 989 populum
1434 927 1763 977 Romanum.
1844 926 2103 977 Societas
2158 938 2284 975 cun

535 1018 759 1069 Rhodiis
798 1016 1212 1080 deprecantibus
1261 1017 1450 1067 iuncta
1496 1018 1597 1067 est.
1668 1016 1925 1065 Lustrum
1957 1026 1993 1063 a
2029 1016 2283 1065 censori·

537 1110 634 1159 bus
675 1107 946 1155 conditum
981 1108 1100 1154 est:
1154 1115 1321 1153 censa
1364 1108 1493 1153 sunt
1540 1105 1747 1155 civium
1798 1104 1983 1165 capita
2026 1107 2283 1153 trecenta

535 1194 734 1258 viginti
793 1196 1004 1254 septem
1069 1192 1220 1241 milia
1282 1193 1483 1256 viginti
1536 1195 1640 1243 duo
1659 1206 1677 1255 3
1746 1193 1999 1253 princeps
2056 1193 2283 1241 senatus

461 1273 527 1326 10
539 1282 716 1332 lectus
756 1281 829 1330 Μ.
865 1279 1130 1329 Aemilius
1170 1282 1426 1343 Lepidus.
1495 1280 1837 1331 Ptolemaeus
1876 1280 2131 1342 Aegypti
2167 1287 2345 1345 rex‚⁵⁹1

532 1369 724 1433 pulsus
758 1382 932 1433 regno
969 1381 1004 1419 a
1037 1371 1248 1419 minore
1282 1370 1486 1433 fratre,
1538 1371 1721 1419 missis
1767 1372 1835 1419 ad
1884 1380 2010 1418 eum
2061 1368 2287 1433 legata,

533 1458 820 1509 restitutus
845 1460 946 1509 est.
997 1459 1290 1510 Ariarathe
1314 1456 1692 1520 Cappadociae
1726 1469 1859 1520 rege
1889 1460 2107 1507 mortuo
2138 1456 2285 1506 filius

537 1547 654 1595 eius
689 1545 1010 1597 Ariarathes
1043 1559 1271 1611 regnum
1305 1548 1551 1612 accepit,
1590 1550 1647 1597 et
1680 1547 1980 1597 amicitiam
2017 1558 2145 1595 cum
2182 1557 2287 1606 po-

533 1634 666 1698 pulo
722 1636 965 1685 Romano
1020 1648 1118 1697 per
1169 1635 1387 1697 legatos
1436 1636 1743 1685 renovavit.
1826 1634 1935 1683 Bes
1988 1636 2288 1695 praeterea

463 1724 528 1775 15
541 1724 804 1775 adversus
844 1724 1080 1786 Ligures
1121 1728 1178 1775 et
1212 1720 1410 1773 Corsos
1456 1725 1513 1773 et
1545 1724 1839 1773 Lusitanos
1879 1724 2037 1771 vario
2078 1724 2287 1771 eventu

537 1816 760 1876 gestas,
815 1815 872 1861 et
917 1817 1100 1861 motus
1135 1812 1337 1873 Syriae
1377 1814 1592 1861 mortuo
1626 1810 1925 1875 Antiocho,
1980 1811 2076 1873 qui
2114 1810 2287 1860 filiun

535 1901 870 1951 Antiochum
895 1913 1121 1963 puerum
1145 1901 1433 1950 admodum
1458 1898 1777 1966 reliquerat,
1816 1900 2075 1951 continet.
2129 1900 2289 1948 Hunc

539 1990 862 2040 Antiochum
899 2002 1124 2052 puerum
1161 2001 1287 2038 cum
1312 1991 1487 2050 Lysia
1516 1969 1701 2040 ‘tutore
1725 1989 2033 2040 Demetrius
2060 1988 2287 2038 Seleuci

539 2077 715 2141 iilius,
753 2079 844 2139 qui
878 2078 1088 2127 Romae
1125 2079 1283 2128 obses
1317 2078 1527 2143 fuerat,
1564 2078 1733 2141 clam,
1780 2079 1913 2140 quia
1949 2088 2061 2126 non
2101 2078 2285 2126 dimit-

461 2167 759 2218 20tebatur
787 2177 823 2213 a
846 2165 1123 2230 Romanis,
1159 2167 1382 2228 elapsus
1418 2168 1697 2216 interemit
1730 2170 1787 2216 et
1819 2167 1937 2228 ipse
1967 2167 2027 2214 in
2050 2177 2285 2228 regnum

539 2258 811 2315 receptus,
879 2253 944 2300 L.
977 2249 1217 2300 Aemilio
1252 2252 1465 2317 Paullo,
1498 2255 1590 2316 qui
1625 2257 1829 2304 Persen
1869 2255 2101 2319 vicerat,
2139 2265 2349 2304 mor-⁵9³

540 2345 666 2408 tuo,
717 2342 869 2392 tanta
914 2341 1032 2390 eius
1083 2342 1413 2392 abstinentia
1450 2342 1584 2409 fuit,
1644 2346 1701 2394 ut
1754 2355 1873 2392 cum
1918 2354 1989 2392 ex
2022 2343 2290 2403 Hispania

539 2435 596 2480 et
649 2442 717 2478 ex
767 2431 1091 2480 Macedonia
1144 2433 1432 2482 immensas
1484 2443 1617 2492 opes
1673 2430 2009 2495 rettulisset,
2067 2431 2167 2480 vix
2221 2442 2289 2480 ex

539 2521 794 2570 auctione
831 2521 950 2569 eius
980 2521 1264 2570 redactum
1296 2522 1399 2584 sit,
1435 2522 1576 2569 unde
1610 2520 1767 2569 uxori
1802 2520 1921 2570 eius
1954 2517 2053 2566 dos
2090 2517 2287 2570 solve—

466 2612 533 2663 25
546 2611 714 2659 retur.
785 2607 1106 2670 Pomptinae
1141 2607 1369 2670 paludes
1399 2618 1435 2656 a
1466 2605 1725 2658 Cornelio
1760 2605 1999 2669 Cethego
2040 2606 2289 2669 consule,

473 2752 492 2776 ὁ
543 2698 633 2745 cui
689 2708 757 2746 ea
807 2697 1094 2759 provincia
1146 2697 1439 2763 evenerat,
1485 2695 1756 2762 siccatae,
1811 2706 2054 2759 agerque
2101 2705 2174 2744 ex
2218 2696 2289 2744 iis

541 2783 736 2835 factus.

1164 2927 1299 2977 Lib
1318 2937 1396 2975 er
1444 2925 1663 2977 XLVII.

649 3040 745 3092 cn.
783 3043 1076 3094 Tremellio
1117 3045 1333 3095 tribuno
1371 3043 1545 3107 plebis
1584 3042 1755 3094 multa
1786 3045 1937 3094 dicta
1968 3047 2085 3107 est,
2138 3045 2285 3107 quod

467 3132 666 3184 aucum
691 3133 766 3180 Μ.
787 3132 1027 3182 Aemilio
1050 3133 1257 3196 Lepido
1296 3132 1551 3195 pontifice
1580 3132 1812 3182 maximo
1845 3132 2109 3184 iniuriose
2147 3143 2283 3185 con-

639 3335 705 3379 2⁰.
743 3334 898 3388 elapsus
933 3333 1142 3386 supplevit
1167 3335 1415 3377 Gronovius.
