2525 3925
608 316 732 407 iis*
1141 353 1203 407 o.
1240 356 1544 410 sanusri
1579 353 1809 410 omem

608 504 812 567 potitus
837 503 997 567 foret,
1036 504 1211 555 omnis
1246 506 1571 567 asperitates
1607 506 1978 567 supervadere
2012 518 2080 555 ac
2107 508 2364 557 naturam

610 594 779 643 etiam
802 593 1030 642 vincere
1052 592 1383 656 adgreditur.
1438 595 1618 657 Igitur
1641 595 1821 643 omnia
1849 594 2090 646 iumenta
2123 598 2369 646 sarcinis

609 680 791 730 levari
824 682 977 732 iubet
1012 681 1118 730 nisi
1153 683 1428 731 frumento
1470 683 1676 732 dierum
1713 683 1915 749 decem,
1952 685 2196 733 ceterum
2221 686 2366 735 utris

610 769 769 818 modo
794 773 853 819 et
884 769 997 820 alia
1031 781 1206 833 aquae
1237 770 1436 819 idonea
1472 772 1696 832 portari.
1751 771 2047 821 Praeterea
2083 775 2366 835 conquirit

568 860 686 911 ὅθι
725 859 877 923 agris
913 870 1068 921 quam
1104 858 1407 921 plurumum
1445 859 1623 921 potest
1667 860 1852 909 domiti
1885 862 2131 926 pecoris,
2185 872 2366 924 eoque

607 947 823 1009 inponit
843 959 981 997 vasa
1018 950 1320 1010 quoiusque
1353 947 1517 1015 modi,
1551 947 1648 997 sed
1686 947 1949 1010 pleraque
1981 948 2187 1016 lignea,
2223 962 2364 1000 con-

608 1033 757 1084 lecta
792 1046 862 1083 ex
896 1037 1129 1099 tuguriis
1152 1035 1517 1086 Numidarum.
1570 1037 1656 1085 Ad
1686 1036 1790 1087 hoc
1817 1035 2072 1087 finitumis
2107 1040 2361 1101 imperat,

609 1123 700 1184 qui
730 1134 793 1171 se
824 1125 949 1186 post
982 1124 1129 1185 regis
1168 1124 1354 1187 fugam
1388 1125 1615 1175 Metello
1665 1125 1958 1190 dederant,
2021 1138 2182 1189 quam
2231 1127 2360 1189 plu-

610 1222 821 1263 rumum
873 1213 1104 1275 quisque
1155 1224 1334 1277 aquae
1381 1217 1626 1275 portaret
1637 1228 1656 1278 3
1713 1216 1857 1263 diem
1889 1214 2216 1280 locumque,
2273 1218 2363 1268 ubi

536 1304 833 1362 10praesto
866 1302 1149 1364 [tuerint]
1186 1302 1470 1366 praedicit.
1517 1304 1642 1365 Ipse
1671 1314 1739 1352 ex
1762 1305 1996 1368 flumine,
2030 1290 2362 1367 quam'pro—

609 1400 821 1439 xumam
855 1389 1052 1453 oppido
1087 1403 1280 1454 aquam
1320 1403 1442 1442 esse
1476 1404 1639 1454 supra
1677 1393 1924 1455 diximus,
1956 1393 2201 1443 iumenta
2224 1406 2359 1443 one-

609 1481 730 1541 rat3
769 1489 837 1527 eo
860 1479 1023 1530 modo
1047 1481 1344 1530 instructus
1368 1481 1437 1529 ad
1462 1480 1685 1530 Thalam
1709 1480 2090 1542 proficiscitur.
2146 1483 2360 1532 Deinde

610 1566 703 1615 ubi
740 1566 808 1616 ad
856 1568 909 1615 id
959 1566 1071 1618 loci
1120 1570 1373 1636 ventum,
1427 1581 1533 1631 quo
1572 1569 1816 1618 Numidis
1862 1577 2255 1639 praeceperat,
2307 1576 2361 1621 et

612 1657 797 1705 castra
830 1657 1010 1719 posita
1042 1660 1354 1720 munitaque
1389 1661 1534 1721 sunt,
1571 1660 1723 1707 tanta
1744 1662 1970 1719 repente
1998 1658 2156 1708 caelo
2194 1662 2359 1710 missa

535 1751 600 1803 15
616 1745 703 1794 vis
738 1755 917 1808 aquae
956 1744 1191 1812 dicitur,
1228 1750 1288 1795 ut
1321 1758 1389 1795 ea
1425 1747 1584 1795 modo
1620 1748 1888 1796 exercitui
1919 1749 2053 1797 satis
2090 1760 2360 1827 superque

608 1834 770 1884 foret.
824 1834 1115 1885 Praeterea
1149 1836 1463 1884 conmeatus
1497 1847 1596 1896 spe
1632 1834 1881 1902 amplior,
1915 1838 2041 1897 quia
2073 1836 2361 1904 Numidae,

608 1922 773 1973 sicuti
812 1922 1059 1987 plerique
1104 1925 1163 1972 in
1208 1934 1356 1974 nova
1401 1922 1706 1988 deditione,
1762 1924 1948 1974 officia
1991 1922 2357 1978 intenderant.

617 2008 871 2062 Ceterum
905 2013 1109 2062 milites
1144 2011 1414 2075 religione
1451 2012 1640 2073 pluvia
1672 2015 1847 2076 magis
1889 2015 2000 2078 usi,
2053 2025 2234 2078 eaque
2267 2030 2359 2067 res

610 2096 834 2148 multum
886 2101 1079 2149 animis
1128 2111 1311 2149 eorum
1363 2099 1600 2163 addidit3
1655 2112 1777 2150 nam
1824 2103 1932 2150 rati
1983 2114 2107 2152 sese
2147 2106 2234 2154 dis
2273 2109 2362 2156 in-

534 2186 934 2245 20mortalibus
971 2199 1136 2237 curae
1167 2199 1310 2239 esse.
1380 2189 1589 2237 Deinde
1631 2194 1852 2250 postero
1887 2190 1973 2241 die
2009 2194 2208 2243 contra
2242 2196 2361 2257 opi-

610 2276 826 2326 nionem
860 2276 1157 2339 Iugurthae
1188 2277 1256 2326 ad
1295 2275 1518 2326 Thalam
1555 2280 1896 2338 perveniunt.
1950 2276 2239 2346 Oppidani,
2271 2285 2362 2344 qui

610 2376 674 2415 se
706 2363 952 2414 locorum
988 2365 1287 2427 asperitate
1310 2368 1548 2416 munitos
1573 2366 1936 2436 crediderant,
1969 2379 2172 2432 magna
2198 2374 2362 2433 atque

609 2451 835 2503 insolita
865 2464 929 2501 re
956 2451 1211 2519 perculsi,
1247 2455 1419 2504 nihilo
1455 2455 1678 2519 segnius
1711 2454 1910 2505 bellum
1948 2469 2145 2518 parare
2160 2472 2180 2521 3
2220 2460 2362 2508 idem

608 2542 785 2591 nostri
816 2541 1022 2592 facere.
1904 2554 1909 2559 ·

534 2632 602 2687 25
716 2628 811 2680 ⁵76.
880 2631 990 2681 Sed
1034 2643 1136 2683 rex
1182 2632 1320 2682 nihil
1363 2635 1470 2682 iam
1517 2633 1776 2682 infectum
1827 2633 2056 2686 Metello
2105 2637 2362 2698 credens,

611 2720 807 2783 quippe
844 2721 936 2783 qui
973 2721 1183 2784 omnia,
1225 2732 1380 2771 arma
1415 2721 1557 2787 tela,
1605 2720 1762 2771 locos
1799 2725 2071 2789 tempora,
2126 2723 2364 2788 denique

610 2811 860 2861 naturam
896 2811 1070 2872 ipsam
1119 2811 1322 2860 ceteris
1369 2811 1767 2873 imperitantem
1815 2811 2086 2862 industria
2128 2815 2364 2880 vicerat,

612 2909 735 2948 cum
773 2898 961 2950 liberis
998 2901 1055 2948 et
1090 2910 1289 2963 magna
1330 2903 1487 2960 parte
1523 2901 1785 2960 pecuniae
1833 2911 1902 2949 ex
1949 2902 2147 2963 oppido
2193 2908 2360 2954 noctu

610 2988 887 3052 profugit,
938 2999 1111 3050 neque
1156 2989 1352 3052 postea
1398 2988 1458 3037 in
1503 2987 1616 3038 ullo
1666 2988 1791 3039 loco
1837 2988 2070 3052 amplius
2119 3001 2232 3042 uno
2271 2994 2362 3042 die

709 3224 749 3263 5.
787 3233 832 3261 oo
858 3223 907 3262 G.
933 3242 984 3252 —-·
1035 3223 1096 3263 io.
1136 3221 1312 3274 fuerint]
1351 3223 1448 3264 cod.
1487 3225 1670 3266 Einsied.
1698 3225 1750 3266 G.
1789 3224 1918 3276 ficet-1⁹8
1952 3225 2053 3277 bpii.
2093 3228 2176 3265 nine
2213 3228 2359 3267 franc.

608 3289 745 3341 forent
768 3291 819 3332 V.
837 3293 887 3330 K.
916 3315 959 3323 ·—
1012 3293 1072 3333 u.
1102 3305 1183 3335 om.
1209 3305 1294 3334 cuc
1318 3293 1371 3334 ii.
1400 3313 1451 3322 —-
1500 3295 1560 3335 19.
1591 3294 1804 3334 addiderat
1827 3294 1876 3333 V.
1907 3312 1954 3324 -—
2003 3293 2066 3335 ²0.
2098 3293 2212 3334 Dein
2238 3297 2283 3336 V.
2313 3319 2362 3330 -

611 3361 676 3401 ὓ.
705 3360 871 3401 Metello
896 3360 1087 3410 infectum
1111 3363 1161 3405 V.
1190 3383 1239 3393 --
1288 3364 1352 3404 29.
1382 3375 1460 3404 una
1485 3363 1552 3403 die
1575 3365 1625 3405 V.
