2525 3925
517 342 624 393 266
1053 334 1415 391 EPITOMAF.
1454 338 1515 389 'l'-
1552 334 1733 388 mvn

515 488 842 550 impotenter
893 486 950 536 in
997 489 1180 536 socios
1228 485 1396 537 facta.
1474 484 1585 535 Res
1635 484 1927 545 praeterea
1968 494 2007 533 a
2050 481 2269 533 Perseo

515 588 650 640 rege
683 578 741 626 in
765 576 996 626 Thracia
1032 586 1293 638 prospere
1329 575 1515 637 gestas
1554 575 1814 635 continet,
1850 573 2013 621 victis
2035 571 2271 622 Darda-

513 666 601 715 nis
636 668 692 714 et
725 664 985 729 Illyrico,
1027 666 1182 714 cuius
1232 674 1331 713 rex
1366 665 1485 712 erat
1522 662 1772 713 Gentius.
1841 662 2023 710 Motus
2058 661 2151 722 qui
2198 660 2265 709 in

514 753 776 816 Hispania
813 754 882 803 ab
918 751 1150 802 Olonico
1189 754 1371 801 factus
1408 754 1556 814 erat,
1603 753 1727 812 ipso
1758 750 2079 810 interempto
2114 758 2267 797 con-

471 840 676 893 ssedit.
746 842 819 891 Μ.
859 840 1124 893 Aemilius
1169 839 1408 904 Lepidus
1449 853 1484 890 a
1531 839 1847 890 censoribus
1894 838 2147 899 princeps
2196 838 2267 885 in

513 934 706 981 senatu
746 929 938 982 lectus.

1143 1044 1188 1093 Ι,
1208 1046 1226 1093 i
1247 1043 1280 1094 b
1300 1055 1331 1093 e
1349 1056 1379 1093 r
1426 1042 1617 1093 XLIV.

615 1146 678 1214 Q.
702 1150 943 1201 Marcius
978 1148 1257 1212 Philippus
1294 1164 1393 1214 per
1425 1152 1603 1199 invios
1639 1148 1813 1199 saltus
1848 1149 2153 1211 penetravit
2190 1150 2340 1199 in⁵85

510 1239 914 1301 Macedoniam,
974 1238 1390 1303 compluresque
1447 1239 1607 1288 urbes
1656 1240 1963 1301 occupavit.
2050 1238 2261 1287 Rhodii

433 1329 709 1381 lomisere
753 1327 967 1391 legatos
1002 1328 1245 1395 Romam,
1281 1329 1547 1378 minantes
1582 1339 1643 1378 se
1678 1328 1879 1377 Perseo
1914 1324 2119 1376 auxilio
2154 1326 2259 1375 fu-

509 1417 679 1481 turos,
714 1416 822 1465 nisi
856 1416 1088 1479 populus
1112 1416 1391 1466 Romanus
1430 1427 1551 1465 cum
1587 1426 1653 1464 eo
1688 1427 1879 1477 pacem
1916 1419 2073 1477 atque
2110 1414 2257 1463 ami-

509 1506 693 1556 citiam
747 1505 1016 1569 iungeret.
1102 1504 1330 1567 indigne
1384 1502 1439 1551 id
1489 1502 1673 1553 latum.
1755 1499 1887 1553 Cum
1939 1502 1990 1551 id
2044 1500 2255 1552 bellum

506 1594 572 1665 Ιι.Ι
597 1591 831 1643 Aemilio
869 1592 1081 1661 Paullo,
1114 1593 1396 1655 sequentis
1432 1592 1560 1641 anni
1597 1589 1810 1642 consuli
1840 1592 2053 1654 iterum,
2087 1591 2335 1641 man-⁵⁸6

509 1683 690 1732 datum
725 1684 889 1744 esset,
926 1679 1149 1731 Paullus
1181 1683 1240 1729 in
1282 1682 1534 1730 contione
1568 1683 1856 1744 precatus,
1894 1683 1953 1728 ut
1989 1678 2255 1743 quidquid

429 1772 614 1823 lodii-i
661 1769 861 1833 populo
898 1771 1142 1819 Romano
1189 1770 1520 1834 immineret,
1565 1770 1622 1816 in
1661 1769 1872 1818 domum
1918 1780 2069 1818 suam
2108 1779 2257 1818 con-

504 1862 841 1921 verteretur,
891 1860 948 1907 et
993 1858 1046 1905 in
1081 1855 1457 1906 Macedoniam
1499 1858 1815 1924 profectus,
1866 1857 2003 1905 vicit
2040 1856 2255 1907 Persen

505 1950 780 2012 totamque
805 1947 1184 1997 Macedoniam
1216 1946 1271 1994 in
1299 1948 1619 2008 potestatem
1646 1946 1873 2010 redegit.
1940 1947 2251 2010 Antequam

506 2039 853 2101 confligeret,
891 2032 948 2085 C.
983 2035 1262 2100 Sulpicius
1301 2034 1495 2084 Gallus
1535 2036 1781 2085 tribunus
1814 2034 2043 2085 militum
2078 2048 2252 2098 prae-

503 2122 640 2172 dixit
685 2123 979 2186 exercitui,
1027 2135 1094 2172 ne
1130 2125 1421 2173 miraretur
1457 2124 1597 2184 quod
1635 2124 1765 2173 luna
1800 2127 1960 2173 nocte
1994 2125 2248 2186 proxima

423 2216 492 2265 80
508 2212 787 2261 defectura
823 2212 986 2260 esset.
1060 2209 1290 2260 Gentius
1341 2223 1557 2274 quoque
1602 2223 1702 2262 rex
1737 2210 2079 2278 lllyriorum,
2122 2224 2247 2264 cum

503 2297 847 2365 rebellasset,
882 2300 950 2349 ab
987 2299 1184 2348 Anicio
1221 2303 1474 2362 praetore
1509 2302 1689 2350 victus
1730 2301 1879 2350 veuit
1914 2302 1971 2350 iu
2007 2299 2247 2352 deditio-

500 2399 641 2452 nem,
678 2390 734 2438 et
769 2399 888 2438 cum
925 2398 1095 2437 uxore
1123 2391 1179 2439 et
1200 2387 1389 2439 liberis
1424 2392 1479 2439 et
1513 2390 1830 2453 propinquis
1852 2390 2081 2439 Romam
2107 2391 2246 2441 mis-

499 2490 594 2528 sus
635 2480 737 2526 est.
807 2471 1156 2526 Alexandrea
1201 2476 1375 2542 legati
1420 2490 1455 2527 a
1494 2474 1787 2540 Cleopatra
1829 2480 1885 2527 et
1923 2475 2243 2528 Ptolemaeo

497 2566 720 2630 regibus
769 2569 1063 2632 venerunt,
1114 2569 1400 2628 querentes
1439 2566 1505 2615 de
1540 2567 1811 2616 Antiocho
1849 2578 1982 2630 rege
2016 2566 2248 2631 Syriae,

421 2657 486 2709 2³
501 2655 645 2720 quod
690 2656 771 2706 eis
818 2654 1018 2706 bellum
1065 2655 1305 2704 inferret.
1376 2655 1569 2704 Perses
1614 2653 1927 2705 sollicitatis
1976 2655 2033 2704 in
2078 2656 2243 2704 auxi-

495 2745 627 2794 lium
664 2745 908 2795 Eumene
945 2755 1078 2807 rege
1112 2743 1365 2807 Pergami
1401 2747 1457 2796 et
1494 2743 1694 2794 Gentio
1730 2755 1864 2806 rege
1901 2740 2241 2810 Illyriorum,

495 2835 622 2898 quia
668 2835 751 2884 his
789 2835 1072 2896 pecuniam
1111 2845 1271 2898 quam
1306 2833 1629 2895 promiserat
1662 2842 1774 2883 non
1818 2833 2009 2898 dabat,
2061 2831 2131 2882 ab
2167 2833 2239 2882 iis

495 2921 725 2974 relictus
763 2927 865 2976 est.

1139 3031 1187 3080 Ιι
1205 3030 1225 3080 i
1244 3032 1278 3083 b
1297 3041 1330 3080 e
1346 3041 1377 3082 ι·
1428 3029 1593 3082 XLV.

419 3138 484 3187 ³0
607 3135 836 3187 Perseus
886 3140 954 3189 ab
1002 3135 1240 3188 Aemilio
1287 3136 1481 3189 Paullo
1530 3139 1585 3187 in
1632 3137 1989 3190 Samothrace
2040 3141 2233 3202 captus

491 3228 594 3276 est.
667 3221 800 3275 Oum
841 3226 1145 3278 Antiochus
1180 3228 1383 3291 Syriae
1426 3239 1529 3279 rex
1561 3227 1929 3280 Ptolemaeum
1972 3231 2029 3280 ct
2065 3225 2233 3278 Cleo-

487 3317 700 3378 patram
736 3315 979 3378 Aegypti
1024 3327 1188 3383 reges
1227 3314 1533 3382 obsideret,
1584 3321 1641 3368 et
1672 3317 1856 3368 missis
1903 3317 1972 3369 ati
2023 3329 2145 3368 eum
2192 3329 2233 3368 s
