2525 3925
815 381 819 385 ι
861 312 1230 365 nmaoamu
1269 310 1421 363 ext..
1906 318 2013 369 sos

181 463 364 511 68⁷sus
381 454 674 511 Cretenses
697 456 950 508 mandato
973 455 1277 519 Cydoniam
1302 460 1488 509 urbem
1515 458 1740 509 obsedit.
1776 455 1835 509 C.
1856 460 2013 511 Tria-
2110 462 2123 472 ‘

266 549 385 597 rius
420 545 638 609 legatus
673 544 893 595 Luculli
935 544 1198 595 adversus
1235 547 1611 596 Mithridatem
1650 559 1845 608 parum
1881 561 2013 611 pro-

268 635 432 696 spere
468 634 748 695 pugnavit.
818 632 1122 695 Lucullum,
1165 644 1235 683 ne
1270 636 1689 696 persequeretur
1722 636 2013 687 Mithrida-

271 726 379 771 tem
415 732 484 771 ac
522 722 811 784 Tigranem
845 718 1211 783 summamque
1253 722 1523 772 victoriae
1558 723 1877 787 imponeret,
1918 736 2012 773 se-

270 810 406 859 ditio
443 808 670 859 militum
707 810 898 872 tenuit,
948 810 1078 871 quia
1118 812 1277 871 sequi
1323 808 1594 877 nolebant,
1644 810 1698 858 id
1734 813 1837 875 est,
1883 807 2053 871 quia5

269 896 522 958 legiones
571 895 907 946 Valet-ianae
954 896 1186 958 impleta
1245 909 1281 946 a
1332 910 1393 947 se
1444 897 1718 959 stipendia
1770 890 2013 949 dicentes

271 982 562 1034 Lucullum
598 982 953 1046 reliquerunt.

907 1151 1140 1203 Liber
1191 1148 1379 1203 XCIX.

374 1262 438 1331 Q.
474 1266 732 1318 Metellus
783 1269 1073 1330 proconsul
1123 1272 1373 1323 Gnosson
1426 1272 1483 1321 et
1530 1271 1769 1331 Lyctum
1804 1274 1861 1321 et
1897 1268 2011 1334 Cy—

269 1355 486 1405 doniam
535 1358 592 1404 et
637 1354 776 1405 alias
831 1356 1093 1425 plurimas
1147 1358 1309 1407 urbes
1354 1360 1707 1422 expugnavit.
1790 1361 1853 1408 L.
1894 1350 2088 1409 lto-1⁰

267 1445 416 1492 scius
452 1444 697 1493 tribunus
733 1444 910 1505 plebis
940 1445 1119 1507 legem
1153 1444 1297 1511 tulit,
1337 1450 1429 1496 «ut
1462 1448 1734 1509 equitibus
1755 1448 2013 1497 Romanis

266 1532 324 1580 in
347 1531 562 1580 theatro
589 1532 1024 1593 quattuordecim
1051 1533 1254 1597 gradus
1286 1535 1517 1595 proximi
1546 1536 2011 1599 asslgnarentur.»

270 1614 368 1667 Cn.
405 1619 690 1680 Pompeius
741 1620 872 1684 lege
917 1620 986 1669 ad
1033 1622 1291 1683 populum
1337 1620 1453 1671 lata
1500 1623 1755 1683 persequi
1804 1623 2011 1683 piratas

263 1707 479 1770 iussus,
518 1708 611 1769 qui
649 1710 1038 1757 commercium
1075 1719 1325 1758 annonae
1359 1709 1816 1773 intercluserunt,
1863 1710 2011 1759 intra

265 1794 732 1857 quadragesimum
759 1795 898 1845 diem
919 1800 1036 1847 toto
1057 1798 1196 1847 mari
1210 1808 1307 1845 eos
1330 1796 1573 1860 expulit3
1608 1796 1863 1859 belloque
1887 1785 2085 1847 cum1⁵

265 1883 336 1931 iis
376 1883 434 1930 in
471 1879 668 1931 Cilicia
714 1884 992 1947 confecto,
1039 1885 1285 1945 acceptis
1332 1884 1389 1932 in
1438 1884 1763 1934 deditionem
1816 1886 2011 1948 piratis

265 1981 436 2034 agros
470 1974 527 2019 et
568 1971 728 2020 urbes
765 1971 927 2021 dedit.
999 1974 1296 2022 Praeterea
1346 1985 1438 2022 res
1484 1975 1672 2037 gestas
1716 1985 1751 2022 a
1786 1970 1850 2036 Q.
1888 1975 2012 2022 Me·-

265 2056 405 2128 tello
442 2058 707 2109 adversus
744 2057 1038 2109 >Cretenses
1075 2062 1356 2127 continet,
1402 2064 1460 2110 et
1502 2060 1765 2122 epistolas
1799 2059 2013 2110 Metelli

265 2143 466 2194 etscn.
513 2146 784 2218 Pompeii-
806 2149 864 2195 in
916 2149 1091 2200 vicem
1147 2151 1359 2200 missas.
1449 2144 1710 2211 Queritur
1752 2148 2012 2199 Metellus

264 2231 502 2296 gloriam
547 2235 649 2284 sibi
695 2246 877 2284 rerum
911 2241 1190 2300 gestarum
1228 2249 1262 2286 a
1298 2239 1557 2300 Pompeio
1592 2237 1863 2303 praeripi,
1917 2227 2086 2299 qui2⁰

265 2322 326 2369 in
351 2319 566 2372 Cretam
603 2324 813 2373 miserit
847 2324 1088 2387 legatum
1125 2337 1280 2374 suum
1316 2324 1384 2373 ad
1422 2325 1771 2386 accipiendas
1802 2325 2010 2373 urbium

266 2399 586 2460 deditiones.
665 2399 957 2474 Pompeius
1005 2413 1276 2462 rationem
1331 2411 1509 2461 reddit
1560 2411 1664 2460 hoc
1715 2422 1776 2460 se
1822 2410 2009 2460 facere

266 2496 534 2548 debuisse.

972 2617 1207 2668 Liber
1258 2615 1316 2668 C.

186 2739 266 2780 ess
374 2729 433 2782 C.
467 2731 726 2783 Manilius
767 2733 1014 2783 tribunus
1051 2734 1224 2796 plebis
1259 2745 1464 2798 magna
1497 2733 1871 2797 indignatione
1906 2743 2007 2782 no·
2018 2738 2082 2786 25

267 2819 501 2872 bilitatis
531 2821 708 2884 legem
746 2820 890 2885 tulit,
933 2824 1026 2871 «ut
1059 2823 1315 2885 Pompeio
1341 2823 1765 2874 Mithridaticum
1800 2820 2010 2871 bellum

266 2910 665 2959 mandaretur.»
738 2907 932 2958 Contio
973 2913 1090 2960 eius
1130 2912 1345 2971 [bona].
1418 2908 1482 2975 Q.
1522 2909 1779 2960 Metellus
1814 2909 2012 2972 perdo-

266 2999 418 3048 mitis
465 2995 812 3050 Cretensibus
856 2998 1064 3049 liberae
1115 3001 1174 3048 in
1221 2999 1279 3048 id
1331 3001 1542 3062 tempus
1590 2997 1805 3050 insulae
1852 2997 2009 3062 leges

369 3221 432 3262 ¹8.
457 3219 654 3271 prmus]
689 3222 801 3272 „Vel
825 3223 978 3264 excidit
1002 3234 1044 3264 v,
1072 3221 1317 3274 orchestrae,
1342 3237 1367 3265 ο
1390 3235 1471 3277 qus
1497 3230 1663 3266 senatus
1688 3227 1913 3278 spectabat,
1939 3203 2009 3267 sel

255 3292 350 3341 ⁴⁸3·
385 3291 548 3339 prin-i?
580 3290 690 3332 nuk.
719 3313 767 3324 -
815 3293 880 3334 27.
917 3293 966 3336 V.
991 3293 1093 3334 bona
1116 3296 1166 3335 ab
1189 3293 1483 3346 interpolatore
1512 3295 1757 3338 inculcatum
1781 3297 1957 3338 videtur.
