2525 3925
847 346 1216 403 mannum!
1250 346 1405 405 (2111.
1890 352 2001 405 828

255 496 558 549 {terentum
609 506 681 547 ex
727 500 1026 561 praecepto
1073 496 1336 549 librorum
1382 495 1781 561 sibyllinorum
1826 499 2001 565 ἰαθεὶς

258 589 352 649 qui
387 598 532 637 auno
567 588 861 637 centesimo
895 590 1040 650 ante,
1080 587 1258 650 primo
1296 586 1499 637 Punico
1534 586 1699 651 bello,
1732 588 2002 651 quingen-

258 677 458 725 tesimo
511 676 570 725 et
619 673 798 725 altero
851 686 996 725 anno
1047 674 1116 725 ab
1163 676 1297 725 urbe
1348 674 1599 738 eondita,
1648 674 1785 725 faeti
1828 680 2000 727 erant.

257 764 462 827 Legati
497 763 724 827 triginta
753 763 988 813 Romam
1023 764 1325 829 venerunt,
1362 774 1463 825 per
1496 774 1631 825 quos
1663 776 1727 813 se
1765 764 2001 815 Kartha-

257 854 548 915 ginienses⁴
585 850 867 903 dedebant.
939 848 1168 901 Catonis
1213 851 1488 901 sententia
1533 852 1800 918 pervicit,
1851 856 1911 903 ut
1942 852 2043 905 in5

261 942 488 991 decreto
535 941 906 1001 perstaretur,
955 940 1012 989 et
1060 942 1121 989 ut
1167 937 1421 989 eonsules
1458 950 1618 1001 quam
1666 940 1899 1001 primum
1932 944 2003 996 ad

262 1028 470 1079 bellum
516 1026 1004 1091 proficiscerentur.
1073 1022 1180 1091 Qui
1229 1027 1322 1079 ubi
1366 1027 1423 1076 in
1470 1027 1719 1079 Africam
1769 1030 2005 1079 transie—

261 1120 422 1179 runt,
477 1116 720 1179 acceptis
765 1126 899 1178 quos
947 1115 1353 1177 imperaverant
1396 1116 1661 1166 trecentis
1708 1116 2005 1183 obsidibus,

263 1209 322 1255 et
355 1204 522 1255 armis
559 1204 914 1265 omnibusque
954 1202 1327 1253 instrumentis
1362 1201 1597 1265 bellicis,
1632 1204 1683 1266 si
1716 1216 1825 1267 qua
1861 1205 2006 1255 Kar-

263 1294 490 1357 thagine
525 1295 714 1356 erant,
759 1296 914 1353 tuuc,
959 1303 1078 1341 οιιω
1116 1303 1188 1341 ex
1220 1292 1553 1343 auctoritate
1599 1294 1810 1355 patrum
1844 1290 2083 1346 iube-10

262 1386 408 1442 rent,
451 1383 512 1430 ut
543 1381 602 1429 in
638 1377 806 1429 alium
839 1378 1038 1445 iocum,
1071 1378 1196 1429 dum
1232 1390 1270 1430 a
1298 1380 1437 1429 mari
1474 1379 1659 1431 denen
1690 1380 1842 1433 milia
1876 1394 2006 1443 pas-

264 1481 446 1531 suum,
476 1480 544 1517 ne
571 1468 771 1534 minus,
796 1471 1078 1529 remotum,
1100 1466 1358 1531 oppidum
1382 1469 1649 1531 facerent,
1680 1468 2007 1533 indignitate

183 1559 353 1609 ⁶⁰⁵rei
387 1554 458 1607 ad
505 1554 876 1607 rebellandum
913 1556 1401 1619 Karthaginienses
1436 1557 1827 1618 compulerunt.
1896 1554 2005 1607 Ob-

262 1647 438 1697 sideri
483 1645 893 1709 oppugnat-ique
929 1648 1126 1707 eoepta
1165 1652 1252 1695 est
1288 1645 1564 1707 Karthago
1598 1646 1667 1695 ab
1704 1645 1765 1694 L.
1794 1645 2007 1694 Marcio

263 1740 325 1785 et
347 1731 438 1783 Μ’.
457 1731 686 1783 Manilio
715 1730 1042 1781 consulibus.
1099 1732 1160 1779 In
1195 1743 1303 1793 qua
1329 1731 1737 1795 oppugnatione
1762 1744 1881 1783 eum
1907 1729 2083 1781 ne-15

265 1822 485 1889 gleetos
529 1822 598 1871 ab
648 1830 756 1869 una
805 1823 960 1881 parte
1001 1830 1188 1869 muros
1233 1819 1343 1869 duo
1389 1819 1589 1869 tribuni
1636 1822 1841 1869 temere
1886 1829 2011 1871 euni

268 1909 583 1963 cohortibus
617 1908 734 1959 suis
769 1906 1093 1970 irrupissent
1125 1910 1184 1957 et
1207 1907 1278 1956 ab
1300 1906 1587 1970 oppidanis
1606 1906 1856 1970 graviter
1878 1918 2011 1960 eae,-

267 2001 550 2063 derentur,
583 2008 618 2046 a
649 1995 906 2057 Scipione
930 1995 1195 2046 Africano
1231 1994 1478 2058 expliciti
1511 1998 1673 2060 sunt3
1720 2007 1822 2058 per
1854 2007 2011 2058 quem

268 2091 330 2140 et
387 2084 674 2138 castelium
727 2084 1090 2134 Romanorum
1107 2116 1126 2150 ,
1195 2083 1339 2146 quod
1392 2087 1554 2134 noete
1608 2086 2013 2147 expugnabant,

267 2175 464 2240 paucis
499 2171 774 2236 equitibus
811 2172 1124 2222 iuvantibus
1157 2171 1453 2223 liberatum
1490 2172 1593 2222 est.
1661 2168 2093 2230 Castrorum-20

273 2275 414 2328 que,
454 2273 592 2326 quae
624 2258 1114 2326 Karthaginienses
1149 2261 1395 2310 omnibus
1430 2261 1605 2324 copiis
1638 2262 1707 2311 ab
1744 2261 1877 2312 urbe
1912 2275 2015 2324 pa-

270 2355 414 2403 riter
447 2348 662 2414 egressi
698 2347 1117 2413 oppugnabant,
1160 2345 1521 2397 liberatorum
1554 2347 1605 2397 is
1643 2347 1765 2410 ipse
1797 2351 2018 2410 praeei-

271 2450 438 2504 puam
473 2437 708 2502 gloriam
744 2435 888 2486 tulit.
958 2434 1256 2494 Praeterea
1291 2445 1417 2483 eum
1444 2435 1514 2484 ab
1548 2435 1707 2484 irrita
1728 2445 2017 2500 oppugua-

273 2531 426 2580 tione
462 2523 814 2590 Karthaginis
851 2521 1040 2572 consui
1077 2520 1248 2582 (alter
1286 2521 1433 2570 enim
1469 2521 1705 2570 Romam
1738 2522 1805 2571 ad
1844 2524 2016 2573 eomi-

270 2617 354 2668 tia
389 2615 560 2670 ierat)
597 2611 904 2664 exereitum
933 2609 1158 2660 duceret
1185 2609 1453 2668 adversus
1478 2609 1889 2674 Hasdrubalem,
1920 2609 2091 2672 qui25

273 2689 398 2756 eum
424 2701 602 2757 altera
626 2710 786 2750 manu
811 2697 1057 2760 iniquum
1087 2695 1284 2746 saltum
1314 2695 1620 2762 insederat,
1640 2697 1814 2746 suasit
1836 2698 2017 2760 primo

275 2789 514 2856 consuli,
553 2799 624 2838 ne
661 2790 776 2838 tam
810 2787 1001 2848 iniquo
1039 2784 1165 2834 ioeo
1203 2783 1524 2846 confligeret
1540 2797 1561 2848 3
1610 2782 1791 2834 rietus
1825 2782 2019 2834 deinde

277 2865 668 2941 complurium,
717 2874 810 2938 qui
855 2876 920 2926 et.
961 2872 1283 2936 prudentiae
1326 2872 1448 2921 eius
1483 2875 1542 2922 et
1576 2871 1769 2920 virtuti
1805 2872 2021 2924 invide-

278 2970 440 3033 bant,
490 2962 776 3015 sententiis
817 2963 874 3018 et
911 2959 1028 3023 ipse
1065 2959 1261 3010 saltum
1299 2959 1581 3023 ingressus
1618 2962 1736 3023 est,
1774 2970 2023 3026 eumque,

277 3056 426 3105 sieut
459 3049 835 3115 praedixerat,
885 3046 1040 3096 fusus
1073 3046 1401 3112 fugatusque
1437 3051 1585 3096 esset
1618 3045 1891 3098 Romanus
1922 3047 2099 3099 eit-8⁰

279 3143 488 3193 ercitus
533 3143 590 3189 et
636 3138 776 3186 duae
813 3134 1067 3186 cobortes
1117 3133 1185 3183 ab
1233 3131 1393 3182 hoste
1440 3131 1851 3200 obsiderentur,
1902 3147 2025 3186 cuni

383 3333 448 3374 ἥ.
487 3330 642 3381 duero]
668 3328 801 3378 αφὶσ
833 3329 1038 3380 Excerpta
1061 3329 1234 3370 Pitheci.

1588 3443 1659 3494 le
