<?xml version="1.0" encoding="UTF-8"?>
<!DOCTYPE html PUBLIC "-//W3C//DTD XHTML 1.0 Transitional//EN"
    "http://www.w3.org/TR/xhtml1/DTD/xhtml1-transitional.dtd">
<html xmlns="http://www.w3.org/1999/xhtml" xml:lang="en" lang="en">
 <head>
  <title>
</title>
<meta http-equiv="Content-Type" content="text/html;charset=utf-8" />
  <meta name='ocr-system' content='tesseract 3.04.00' />
  <meta name='ocr-capabilities' content='ocr_page ocr_carea ocr_par ocr_line ocrx_word'/>
</head>
<body>
  <div class='ocr_page' id='page_1' title='image "./catilinaetiugur00livygoog_0021.png"; bbox 0 0 2525 3925; ppageno 0'>
   <div class='ocr_carea' id='block_1_1' title="bbox 912 337 1968 392">
    <p class='ocr_par' dir='ltr' id='par_1_1' title="bbox 912 337 1968 392">
     <span class='ocr_line' id='line_1_1' title="bbox 912 337 1968 392; baseline 0.001 -1"><span class='ocrx_word' id='word_1_1' title='bbox 912 337 1206 392; x_wconf 78' lang='lat' dir='ltr'>GAT1L1N</span> <span class='ocrx_word' id='word_1_2' title='bbox 1210 343 1273 391; x_wconf 81' lang='lat' dir='ltr'><strong>A.</strong></span> <span class='ocrx_word' id='word_1_3' title='bbox 1931 341 1968 392; x_wconf 72' lang='grc' dir='ltr'><strong><em>ὅ</em></strong></span> 
     </span>
    </p>
   </div>
   <div class='ocr_carea' id='block_1_2' title="bbox 190 485 2034 2573">
    <p class='ocr_par' dir='ltr' id='par_1_2' title="bbox 190 485 2034 2573">
     <span class='ocr_line' id='line_1_2' title="bbox 206 485 1965 556; baseline 0.003 -22"><span class='ocrx_word' id='word_1_4' title='bbox 206 497 387 548; x_wconf 76' lang='lat' dir='ltr'><strong>genus</strong></span> <span class='ocrx_word' id='word_1_5' title='bbox 438 485 707 534; x_wconf 80' lang='lat' dir='ltr'><strong>hominum</strong></span> <span class='ocrx_word' id='word_1_6' title='bbox 760 491 1015 549; x_wconf 79' lang='lat' dir='ltr'><strong>agreste,</strong></span> <span class='ocrx_word' id='word_1_7' title='bbox 1072 491 1191 537; x_wconf 88' lang='lat' dir='ltr'><strong>sine</strong></span> <span class='ocrx_word' id='word_1_8' title='bbox 1245 487 1490 556; x_wconf 69' lang='lat' dir='ltr'><strong>legibu3‚</strong></span> <span class='ocrx_word' id='word_1_9' title='bbox 1544 490 1664 540; x_wconf 81' lang='lat' dir='ltr'><strong>sine</strong></span> <span class='ocrx_word' id='word_1_10' title='bbox 1716 490 1965 556; x_wconf 83' lang='lat' dir='ltr'><strong>imperio,</strong></span> 
     </span>
     <span class='ocr_line' id='line_1_3' title="bbox 206 573 1965 639; baseline 0.003 -17"><span class='ocrx_word' id='word_1_11' title='bbox 206 573 445 624; x_wconf 83' lang='lat' dir='ltr'><strong>liberum</strong></span> <span class='ocrx_word' id='word_1_12' title='bbox 500 577 661 635; x_wconf 83' lang='lat' dir='ltr'><strong>atque</strong></span> <span class='ocrx_word' id='word_1_13' title='bbox 714 573 964 630; x_wconf 77' lang='lat' dir='ltr'><strong>solutum.</strong></span> <span class='ocrx_word' id='word_1_14' title='bbox 1036 575 1105 623; x_wconf 82' lang='lat' dir='ltr'><strong>m</strong></span> <span class='ocrx_word' id='word_1_15' title='bbox 1152 581 1435 639; x_wconf 79' lang='lat' dir='ltr'><strong>postquam</strong></span> <span class='ocrx_word' id='word_1_16' title='bbox 1486 578 1544 625; x_wconf 86' lang='lat' dir='ltr'><strong>in</strong></span> <span class='ocrx_word' id='word_1_17' title='bbox 1591 589 1700 628; x_wconf 86' lang='lat' dir='ltr'><strong>una</strong></span> <span class='ocrx_word' id='word_1_18' title='bbox 1749 581 1965 628; x_wconf 84' lang='lat' dir='ltr'><strong>moenia</strong></span> 
     </span>
     <span class='ocr_line' id='line_1_4' title="bbox 208 647 1962 729; baseline 0.003 -17"><span class='ocrx_word' id='word_1_19' title='bbox 208 675 555 728; x_wconf 83' lang='lat' dir='ltr'><strong>convenere,</strong></span> <span class='ocrx_word' id='word_1_20' title='bbox 594 664 797 725; x_wconf 85' lang='lat' dir='ltr'><strong>dispari</strong></span> <span class='ocrx_word' id='word_1_21' title='bbox 831 675 1063 729; x_wconf 86' lang='lat' dir='ltr'>genere,</span> <span class='ocrx_word' id='word_1_22' title='bbox 1116 651 1367 713; x_wconf 67' lang='lat' dir='ltr'><strong>dissimili</strong></span> <span class='ocrx_word' id='word_1_23' title='bbox 1401 664 1619 728; x_wconf 83' lang='lat' dir='ltr'><strong>lingua,</strong></span> <span class='ocrx_word' id='word_1_24' title='bbox 1669 666 1811 716; x_wconf 86' lang='lat' dir='ltr'><strong>allus</strong></span> <span class='ocrx_word' id='word_1_25' title='bbox 1850 647 1962 718; x_wconf 69' lang='lat' dir='ltr'><strong>alio</strong></span> 
     </span>
     <span class='ocr_line' id='line_1_5' title="bbox 207 752 1962 816; baseline 0.002 -16"><span class='ocrx_word' id='word_1_26' title='bbox 207 763 367 800; x_wconf 83' lang='lat' dir='ltr'><strong>more</strong></span> <span class='ocrx_word' id='word_1_27' title='bbox 408 753 687 814; x_wconf 84' lang='lat' dir='ltr'><strong>viventes,</strong></span> <span class='ocrx_word' id='word_1_28' title='bbox 742 752 1065 800; x_wconf 82' lang='lat' dir='ltr'><strong>incredibile</strong></span> <span class='ocrx_word' id='word_1_29' title='bbox 1106 757 1406 802; x_wconf 76' lang='lat' dir='ltr'><strong>memoratu</strong></span> <span class='ocrx_word' id='word_1_30' title='bbox 1454 757 1540 803; x_wconf 90' lang='lat' dir='ltr'><strong>est</strong></span> <span class='ocrx_word' id='word_1_31' title='bbox 1585 766 1740 816; x_wconf 86' lang='lat' dir='ltr'><strong>quam</strong></span> <span class='ocrx_word' id='word_1_32' title='bbox 1792 755 1962 805; x_wconf 82' lang='lat' dir='ltr'><strong>facile</strong></span> 
     </span>
     <span class='ocr_line' id='line_1_6' title="bbox 210 838 2015 911; baseline 0.004 -23"><span class='ocrx_word' id='word_1_33' title='bbox 210 838 539 889; x_wconf 74' lang='lat' dir='ltr'><strong>coaluerint.</strong></span> <span class='ocrx_word' id='word_1_34' title='bbox 610 840 716 890; x_wconf 80' lang='lat' dir='ltr'><strong>Sed</strong></span> <span class='ocrx_word' id='word_1_35' title='bbox 753 843 1032 903; x_wconf 80' lang='lat' dir='ltr'><strong>postquam</strong></span> <span class='ocrx_word' id='word_1_36' title='bbox 1066 852 1158 890; x_wconf 84' lang='lat' dir='ltr'><strong>res</strong></span> <span class='ocrx_word' id='word_1_37' title='bbox 1194 853 1378 891; x_wconf 89' lang='lat' dir='ltr'><strong>eorum</strong></span> <span class='ocrx_word' id='word_1_38' title='bbox 1415 844 1654 906; x_wconf 85' lang='lat' dir='ltr'><strong>civibus,</strong></span> <span class='ocrx_word' id='word_1_39' title='bbox 1703 843 2015 911; x_wconf 66' lang='lat' dir='ltr'><strong>moribus,5</strong></span> 
     </span>
     <span class='ocr_line' id='line_1_7' title="bbox 206 929 1955 996; baseline 0.002 -18"><span class='ocrx_word' id='word_1_40' title='bbox 206 929 365 992; x_wconf 86' lang='lat' dir='ltr'><strong>agris</strong></span> <span class='ocrx_word' id='word_1_41' title='bbox 401 931 597 993; x_wconf 81' lang='lat' dir='ltr'><strong>aucta,</strong></span> <span class='ocrx_word' id='word_1_42' title='bbox 647 929 785 977; x_wconf 80' lang='lat' dir='ltr'><strong>satis</strong></span> <span class='ocrx_word' id='word_1_43' title='bbox 836 941 1095 991; x_wconf 86' lang='lat' dir='ltr'><strong>prospera</strong></span> <span class='ocrx_word' id='word_1_44' title='bbox 1130 931 1371 992; x_wconf 86' lang='lat' dir='ltr'><strong>satisque</strong></span> <span class='ocrx_word' id='word_1_45' title='bbox 1410 929 1621 993; x_wconf 85' lang='lat' dir='ltr'><strong>pollens</strong></span> <span class='ocrx_word' id='word_1_46' title='bbox 1654 931 1955 996; x_wconf 84' lang='lat' dir='ltr'><strong>videbatur,</strong></span> 
     </span>
     <span class='ocr_line' id='line_1_8' title="bbox 200 1015 1957 1085; baseline 0.002 -19"><span class='ocrx_word' id='word_1_47' title='bbox 200 1017 378 1067; x_wconf 78' lang='lat' dir='ltr'><strong>sicuti</strong></span> <span class='ocrx_word' id='word_1_48' title='bbox 414 1015 675 1078; x_wconf 80' lang='lat' dir='ltr'><strong>pleraque</strong></span> <span class='ocrx_word' id='word_1_49' title='bbox 708 1017 1012 1067; x_wconf 72' lang='lat' dir='ltr'><strong>mortalium</strong></span> <span class='ocrx_word' id='word_1_50' title='bbox 1036 1019 1321 1085; x_wconf 83' lang='lat' dir='ltr'><strong>habentur,</strong></span> <span class='ocrx_word' id='word_1_51' title='bbox 1356 1019 1562 1070; x_wconf 85' lang='lat' dir='ltr'><strong>invidia</strong></span> <span class='ocrx_word' id='word_1_52' title='bbox 1587 1033 1655 1068; x_wconf 78' lang='lat' dir='ltr'><strong>ex</strong></span> <span class='ocrx_word' id='word_1_53' title='bbox 1679 1019 1957 1082; x_wconf 85' lang='lat' dir='ltr'><strong>opulentia</strong></span> 
     </span>
     <span class='ocr_line' id='line_1_9' title="bbox 206 1107 1958 1174; baseline 0.002 -19"><span class='ocrx_word' id='word_1_54' title='bbox 206 1107 338 1156; x_wconf 81' lang='lat' dir='ltr'><strong>orta</strong></span> <span class='ocrx_word' id='word_1_55' title='bbox 376 1107 478 1155; x_wconf 86' lang='lat' dir='ltr'><strong>est.</strong></span> <span class='ocrx_word' id='word_1_56' title='bbox 532 1107 707 1174; x_wconf 70' lang='lat' dir='ltr'><strong>Igitur</strong></span> <span class='ocrx_word' id='word_1_57' title='bbox 742 1117 905 1169; x_wconf 86' lang='lat' dir='ltr'><strong>reges</strong></span> <span class='ocrx_word' id='word_1_58' title='bbox 936 1107 1224 1168; x_wconf 77' lang='lat' dir='ltr'><strong>populique</strong></span> <span class='ocrx_word' id='word_1_59' title='bbox 1248 1108 1475 1157; x_wconf 85' lang='lat' dir='ltr'><strong>finitumi</strong></span> <span class='ocrx_word' id='word_1_60' title='bbox 1501 1107 1648 1158; x_wconf 86' lang='lat' dir='ltr'><strong>bello</strong></span> <span class='ocrx_word' id='word_1_61' title='bbox 1675 1111 1958 1173; x_wconf 73' lang='lat' dir='ltr'><strong>temptare,</strong></span> 
     </span>
     <span class='ocr_line' id='line_1_10' title="bbox 204 1194 1957 1259; baseline 0.003 -17"><span class='ocrx_word' id='word_1_62' title='bbox 204 1194 369 1255; x_wconf 83' lang='lat' dir='ltr'><strong>pauci</strong></span> <span class='ocrx_word' id='word_1_63' title='bbox 404 1205 475 1242; x_wconf 86' lang='lat' dir='ltr'><strong>ex</strong></span> <span class='ocrx_word' id='word_1_64' title='bbox 508 1195 697 1243; x_wconf 87' lang='lat' dir='ltr'><strong>amicis</strong></span> <span class='ocrx_word' id='word_1_65' title='bbox 733 1195 938 1244; x_wconf 84' lang='lat' dir='ltr'><strong>auxilio</strong></span> <span class='ocrx_word' id='word_1_66' title='bbox 974 1207 1097 1244; x_wconf 82' lang='lat' dir='ltr'><strong>esse</strong></span> <span class='ocrx_word' id='word_1_67' title='bbox 1109 1210 1127 1259; x_wconf 82' lang='lat'><em>3</em></span> <span class='ocrx_word' id='word_1_68' title='bbox 1163 1207 1287 1245; x_wconf 88' lang='lat' dir='ltr'><strong>nam</strong></span> <span class='ocrx_word' id='word_1_69' title='bbox 1326 1198 1498 1246; x_wconf 86' lang='lat' dir='ltr'><strong>ceteri</strong></span> <span class='ocrx_word' id='word_1_70' title='bbox 1536 1200 1682 1246; x_wconf 86' lang='lat' dir='ltr'><strong>metu</strong></span> <span class='ocrx_word' id='word_1_71' title='bbox 1716 1197 1957 1259; x_wconf 84' lang='lat' dir='ltr'><strong>perculsi</strong></span> 
     </span>
     <span class='ocr_line' id='line_1_11' title="bbox 206 1281 2034 1347; baseline 0.003 -16"><span class='ocrx_word' id='word_1_72' title='bbox 206 1295 246 1331; x_wconf 88' lang='lat' dir='ltr'><strong>a</strong></span> <span class='ocrx_word' id='word_1_73' title='bbox 267 1281 531 1343; x_wconf 87' lang='lat' dir='ltr'><strong>periculis</strong></span> <span class='ocrx_word' id='word_1_74' title='bbox 559 1281 801 1332; x_wconf 79' lang='lat' dir='ltr'><strong>aberant.</strong></span> <span class='ocrx_word' id='word_1_75' title='bbox 853 1283 928 1332; x_wconf 83' lang='lat' dir='ltr'><strong>At</strong></span> <span class='ocrx_word' id='word_1_76' title='bbox 950 1283 1181 1332; x_wconf 80' lang='lat' dir='ltr'><strong>Romani</strong></span> <span class='ocrx_word' id='word_1_77' title='bbox 1216 1287 1357 1334; x_wconf 89' lang='lat' dir='ltr'><strong>domi</strong></span> <span class='ocrx_word' id='word_1_78' title='bbox 1389 1285 1722 1347; x_wconf 84' lang='lat' dir='ltr'><strong>militiaeque</strong></span> <span class='ocrx_word' id='word_1_79' title='bbox 1757 1286 1950 1336; x_wconf 85' lang='lat' dir='ltr'><strong>intenti</strong></span> <span class='ocrx_word' id='word_1_80' title='bbox 1965 1293 2034 1346; x_wconf 84' lang='lat'><strong>10</strong></span> 
     </span>
     <span class='ocr_line' id='line_1_12' title="bbox 204 1371 1956 1441; baseline 0.002 -21"><span class='ocrx_word' id='word_1_81' title='bbox 204 1371 504 1434; x_wconf 79' lang='lat' dir='ltr'><strong>festinare,</strong></span> <span class='ocrx_word' id='word_1_82' title='bbox 545 1383 770 1437; x_wconf 81' lang='lat' dir='ltr'><strong>parare,</strong></span> <span class='ocrx_word' id='word_1_83' title='bbox 810 1371 952 1421; x_wconf 89' lang='lat' dir='ltr'><strong>alius</strong></span> <span class='ocrx_word' id='word_1_84' title='bbox 986 1371 1152 1421; x_wconf 87' lang='lat' dir='ltr'><strong>alium</strong></span> <span class='ocrx_word' id='word_1_85' title='bbox 1184 1372 1424 1441; x_wconf 79' lang='lat' dir='ltr'><strong>hortari,</strong></span> <span class='ocrx_word' id='word_1_86' title='bbox 1459 1375 1704 1425; x_wconf 77' lang='lat' dir='ltr'><strong>hostibus</strong></span> <span class='ocrx_word' id='word_1_87' title='bbox 1739 1375 1956 1425; x_wconf 87' lang='lat' dir='ltr'><strong>obviam</strong></span> 
     </span>
     <span class='ocr_line' id='line_1_13' title="bbox 203 1459 1955 1538; baseline 0.003 -30"><span class='ocrx_word' id='word_1_88' title='bbox 203 1461 306 1524; x_wconf 85' lang='lat' dir='ltr'><strong>ire,</strong></span> <span class='ocrx_word' id='word_1_89' title='bbox 342 1459 672 1523; x_wconf 81' lang='lat' dir='ltr'><strong>libertatem,</strong></span> <span class='ocrx_word' id='word_1_90' title='bbox 706 1462 935 1521; x_wconf 85' lang='lat' dir='ltr'><strong>patriam</strong></span> <span class='ocrx_word' id='word_1_91' title='bbox 971 1462 1334 1523; x_wconf 71' lang='lat' dir='ltr'><strong>parentesque</strong></span> <span class='ocrx_word' id='word_1_92' title='bbox 1364 1461 1530 1512; x_wconf 73' lang='lat' dir='ltr'><strong>armis</strong></span> <span class='ocrx_word' id='word_1_93' title='bbox 1553 1465 1755 1538; x_wconf 83' lang='lat' dir='ltr'><strong>tegere.</strong></span> <span class='ocrx_word' id='word_1_94' title='bbox 1808 1464 1955 1532; x_wconf 85' lang='lat' dir='ltr'><strong>Post,</strong></span> 
     </span>
     <span class='ocr_line' id='line_1_14' title="bbox 205 1547 1955 1614; baseline 0.003 -18"><span class='ocrx_word' id='word_1_95' title='bbox 205 1549 298 1598; x_wconf 85' lang='lat' dir='ltr'><strong>ubi</strong></span> <span class='ocrx_word' id='word_1_96' title='bbox 352 1547 601 1609; x_wconf 85' lang='lat' dir='ltr'><strong>pericula</strong></span> <span class='ocrx_word' id='word_1_97' title='bbox 646 1549 853 1597; x_wconf 86' lang='lat' dir='ltr'><strong>virtute</strong></span> <span class='ocrx_word' id='word_1_98' title='bbox 901 1547 1283 1612; x_wconf 80' lang='lat' dir='ltr'><strong>propulerant,</strong></span> <span class='ocrx_word' id='word_1_99' title='bbox 1336 1552 1502 1600; x_wconf 85' lang='lat' dir='ltr'><strong>sociis</strong></span> <span class='ocrx_word' id='word_1_100' title='bbox 1555 1555 1718 1614; x_wconf 76' lang='lat' dir='ltr'><strong>atque</strong></span> <span class='ocrx_word' id='word_1_101' title='bbox 1765 1554 1955 1604; x_wconf 86' lang='lat' dir='ltr'><strong>amicis</strong></span> 
     </span>
     <span class='ocr_line' id='line_1_15' title="bbox 202 1627 1954 1724; baseline 0.002 -38"><span class='ocrx_word' id='word_1_102' title='bbox 202 1635 414 1686; x_wconf 81' lang='lat' dir='ltr'><strong>auxilia</strong></span> <span class='ocrx_word' id='word_1_103' title='bbox 456 1638 776 1702; x_wconf 82' lang='lat' dir='ltr'><strong>portabant,</strong></span> <span class='ocrx_word' id='word_1_104' title='bbox 827 1629 1107 1724; x_wconf 77' lang='lat' dir='ltr'><strong>magisque</strong></span> <span class='ocrx_word' id='word_1_105' title='bbox 1155 1627 1347 1687; x_wconf 75' lang='lat' dir='ltr'><strong>dandis</strong></span> <span class='ocrx_word' id='word_1_106' title='bbox 1406 1649 1562 1700; x_wconf 82' lang='lat' dir='ltr'><strong>quarn</strong></span> <span class='ocrx_word' id='word_1_107' title='bbox 1617 1640 1954 1702; x_wconf 78' lang='lat' dir='ltr'><strong>accipiundis</strong></span> 
     </span>
     <span class='ocr_line' id='line_1_16' title="bbox 206 1711 2028 1797; baseline 0.001 -22"><span class='ocrx_word' id='word_1_108' title='bbox 206 1711 487 1775; x_wconf 77' lang='lat' dir='ltr'><strong>beneficiis</strong></span> <span class='ocrx_word' id='word_1_109' title='bbox 529 1717 799 1775; x_wconf 74' lang='lat' dir='ltr'><strong>amicitias</strong></span> <span class='ocrx_word' id='word_1_110' title='bbox 834 1711 1115 1797; x_wconf 67' lang='lat' dir='ltr'><strong>p&#39;arab&#39;ant.</strong></span> <span class='ocrx_word' id='word_1_111' title='bbox 1165 1727 1452 1789; x_wconf 73' lang='lat' dir='ltr'><strong>Imperium</strong></span> <span class='ocrx_word' id='word_1_112' title='bbox 1477 1727 1811 1794; x_wconf 73' lang='lat' dir='ltr'><strong>legittimum,</strong></span> <span class='ocrx_word' id='word_1_113' title='bbox 1845 1739 1948 1778; x_wconf 87' lang='lat' dir='ltr'><strong>no-</strong></span> <span class='ocrx_word' id='word_1_114' title='bbox 1963 1732 2028 1784; x_wconf 84' lang='lat'><strong>15</strong></span> 
     </span>
     <span class='ocr_line' id='line_1_17' title="bbox 210 1811 1954 1881; baseline 0.002 -19"><span class='ocrx_word' id='word_1_115' title='bbox 210 1825 336 1863; x_wconf 84' lang='lat' dir='ltr'><strong>men</strong></span> <span class='ocrx_word' id='word_1_116' title='bbox 382 1815 574 1874; x_wconf 85' lang='lat' dir='ltr'><strong>imperi</strong></span> <span class='ocrx_word' id='word_1_117' title='bbox 620 1813 828 1875; x_wconf 83' lang='lat' dir='ltr'><strong>regium</strong></span> <span class='ocrx_word' id='word_1_118' title='bbox 876 1811 1175 1879; x_wconf 69' lang='lat' dir='ltr'><strong>habebant3</strong></span> <span class='ocrx_word' id='word_1_119' title='bbox 1232 1813 1462 1881; x_wconf 86' lang='lat' dir='ltr'><strong>delecti,</strong></span> <span class='ocrx_word' id='word_1_120' title='bbox 1515 1817 1706 1877; x_wconf 84' lang='lat' dir='ltr'><strong>quibus</strong></span> <span class='ocrx_word' id='word_1_121' title='bbox 1756 1828 1954 1879; x_wconf 85' lang='lat' dir='ltr'><strong>corpus</strong></span> 
     </span>
     <span class='ocr_line' id='line_1_18' title="bbox 204 1887 1953 1973; baseline 0.002 -22"><span class='ocrx_word' id='word_1_122' title='bbox 204 1902 367 1952; x_wconf 86' lang='lat' dir='ltr'><strong>annis</strong></span> <span class='ocrx_word' id='word_1_123' title='bbox 398 1897 695 1967; x_wconf 80' lang='lat' dir='ltr'><strong>infirmum,</strong></span> <span class='ocrx_word' id='word_1_124' title='bbox 748 1887 1043 1973; x_wconf 75' lang='lat' dir='ltr'><strong>ingenium</strong></span> <span class='ocrx_word' id='word_1_125' title='bbox 1062 1903 1344 1965; x_wconf 75' lang='lat' dir='ltr'><strong>sapientia</strong></span> <span class='ocrx_word' id='word_1_126' title='bbox 1386 1900 1625 1952; x_wconf 85' lang='lat' dir='ltr'><strong>validum</strong></span> <span class='ocrx_word' id='word_1_127' title='bbox 1667 1906 1819 1972; x_wconf 85' lang='lat' dir='ltr'><strong>erat,</strong></span> <span class='ocrx_word' id='word_1_128' title='bbox 1870 1905 1953 1954; x_wconf 86' lang='lat' dir='ltr'><strong>rei</strong></span> 
     </span>
     <span class='ocr_line' id='line_1_19' title="bbox 198 1970 1952 2056; baseline 0.001 -15"><span class='ocrx_word' id='word_1_129' title='bbox 198 1991 454 2054; x_wconf 79' lang='lat' dir='ltr'><strong>publicae</strong></span> <span class='ocrx_word' id='word_1_130' title='bbox 490 1970 907 2056; x_wconf 79' lang='lat' dir='ltr'><strong>consultabant3</strong></span> <span class='ocrx_word' id='word_1_131' title='bbox 952 1992 1003 2040; x_wconf 86' lang='lat' dir='ltr'><strong>hi</strong></span> <span class='ocrx_word' id='word_1_132' title='bbox 1040 1991 1133 2041; x_wconf 86' lang='lat' dir='ltr'><strong>vel</strong></span> <span class='ocrx_word' id='word_1_133' title='bbox 1172 1994 1356 2041; x_wconf 80' lang='lat' dir='ltr'><strong>aetate</strong></span> <span class='ocrx_word' id='word_1_134' title='bbox 1391 1992 1485 2042; x_wconf 84' lang='lat' dir='ltr'><strong>vel</strong></span> <span class='ocrx_word' id='word_1_135' title='bbox 1537 2004 1704 2044; x_wconf 90' lang='lat' dir='ltr'><strong>curae</strong></span> <span class='ocrx_word' id='word_1_136' title='bbox 1753 1994 1952 2044; x_wconf 88' lang='lat' dir='ltr'><strong>simili-</strong></span> 
     </span>
     <span class='ocr_line' id='line_1_20' title="bbox 200 2078 1951 2149; baseline 0.001 -19"><span class='ocrx_word' id='word_1_137' title='bbox 200 2082 391 2130; x_wconf 85' lang='lat' dir='ltr'><strong>tudine</strong></span> <span class='ocrx_word' id='word_1_138' title='bbox 413 2082 601 2142; x_wconf 86' lang='lat' dir='ltr'><strong>patres</strong></span> <span class='ocrx_word' id='word_1_139' title='bbox 626 2078 1059 2142; x_wconf 68' lang='lat' dir='ltr'><strong>adpellabantur.</strong></span> <span class='ocrx_word' id='word_1_140' title='bbox 1112 2080 1270 2145; x_wconf 83' lang='lat' dir='ltr'><strong>Post,</strong></span> <span class='ocrx_word' id='word_1_141' title='bbox 1309 2082 1399 2131; x_wconf 83' lang='lat' dir='ltr'><strong>ubi</strong></span> <span class='ocrx_word' id='word_1_142' title='bbox 1423 2082 1630 2146; x_wconf 86' lang='lat' dir='ltr'><strong>regium</strong></span> <span class='ocrx_word' id='word_1_143' title='bbox 1653 2084 1951 2149; x_wconf 85' lang='lat' dir='ltr'><strong>imperium,</strong></span> 
     </span>
     <span class='ocr_line' id='line_1_21' title="bbox 200 2156 2026 2234; baseline 0.001 -17"><span class='ocrx_word' id='word_1_144' title='bbox 200 2168 341 2231; x_wconf 84' lang='lat' dir='ltr'><strong>quod</strong></span> <span class='ocrx_word' id='word_1_145' title='bbox 380 2168 544 2233; x_wconf 83' lang='lat' dir='ltr'><strong>initio</strong></span> <span class='ocrx_word' id='word_1_146' title='bbox 580 2156 993 2218; x_wconf 78' lang='lat' dir='ltr'><strong>conservandae</strong></span> <span class='ocrx_word' id='word_1_147' title='bbox 1036 2168 1312 2220; x_wconf 83' lang='lat' dir='ltr'><strong>libertatis</strong></span> <span class='ocrx_word' id='word_1_148' title='bbox 1353 2174 1516 2233; x_wconf 89' lang='lat' dir='ltr'><strong>atque</strong></span> <span class='ocrx_word' id='word_1_149' title='bbox 1551 2172 1832 2234; x_wconf 82' lang='lat' dir='ltr'><strong>augendae</strong></span> <span class='ocrx_word' id='word_1_150' title='bbox 1863 2172 2026 2228; x_wconf 83' lang='lat' dir='ltr'><strong>rei20</strong></span> 
     </span>
     <span class='ocr_line' id='line_1_22' title="bbox 198 2254 1952 2327; baseline 0.001 -22"><span class='ocrx_word' id='word_1_151' title='bbox 198 2254 457 2320; x_wconf 82' lang='lat' dir='ltr'><strong>publicae</strong></span> <span class='ocrx_word' id='word_1_152' title='bbox 482 2257 684 2319; x_wconf 79' lang='lat' dir='ltr'><strong>fuerat,</strong></span> <span class='ocrx_word' id='word_1_153' title='bbox 708 2256 764 2305; x_wconf 86' lang='lat' dir='ltr'><strong>in</strong></span> <span class='ocrx_word' id='word_1_154' title='bbox 791 2258 1096 2319; x_wconf 81' lang='lat' dir='ltr'><strong>superbiam</strong></span> <span class='ocrx_word' id='word_1_155' title='bbox 1114 2257 1634 2322; x_wconf 83' lang='lat' dir='ltr'><strong>dominationemque</strong></span> <span class='ocrx_word' id='word_1_156' title='bbox 1657 2260 1952 2327; x_wconf 77' lang='lat' dir='ltr'><strong>convertit,</strong></span> 
     </span>
     <span class='ocr_line' id='line_1_23' title="bbox 196 2346 1951 2409; baseline 0.001 -16"><span class='ocrx_word' id='word_1_157' title='bbox 196 2348 469 2394; x_wconf 82' lang='lat' dir='ltr'><strong>inmutato</strong></span> <span class='ocrx_word' id='word_1_158' title='bbox 505 2356 657 2395; x_wconf 86' lang='lat' dir='ltr'><strong>more</strong></span> <span class='ocrx_word' id='word_1_159' title='bbox 692 2352 873 2395; x_wconf 77' lang='lat' dir='ltr'><strong>annua</strong></span> <span class='ocrx_word' id='word_1_160' title='bbox 902 2347 1134 2408; x_wconf 85' lang='lat' dir='ltr'><strong>imperia</strong></span> <span class='ocrx_word' id='word_1_161' title='bbox 1164 2346 1425 2409; x_wconf 83' lang='lat' dir='ltr'><strong>binosque</strong></span> <span class='ocrx_word' id='word_1_162' title='bbox 1459 2350 1810 2409; x_wconf 88' lang='lat' dir='ltr'><strong>imperatores</strong></span> <span class='ocrx_word' id='word_1_163' title='bbox 1844 2346 1951 2396; x_wconf 85' lang='lat' dir='ltr'><strong>sibi</strong></span> 
     </span>
     <span class='ocr_line' id='line_1_24' title="bbox 197 2432 1950 2498; baseline 0 -15"><span class='ocrx_word' id='word_1_164' title='bbox 197 2435 418 2496; x_wconf 82' lang='lat' dir='ltr'><strong>fecere3</strong></span> <span class='ocrx_word' id='word_1_165' title='bbox 472 2444 541 2483; x_wconf 86' lang='lat' dir='ltr'><strong>eo</strong></span> <span class='ocrx_word' id='word_1_166' title='bbox 577 2432 738 2483; x_wconf 88' lang='lat' dir='ltr'><strong>modo</strong></span> <span class='ocrx_word' id='word_1_167' title='bbox 770 2435 1005 2483; x_wconf 89' lang='lat' dir='ltr'><strong>minume</strong></span> <span class='ocrx_word' id='word_1_168' title='bbox 1039 2446 1201 2496; x_wconf 89' lang='lat' dir='ltr'><strong>posse</strong></span> <span class='ocrx_word' id='word_1_169' title='bbox 1235 2436 1495 2497; x_wconf 82' lang='lat' dir='ltr'><strong>putabant</strong></span> <span class='ocrx_word' id='word_1_170' title='bbox 1530 2448 1629 2498; x_wconf 89' lang='lat' dir='ltr'><strong>per</strong></span> <span class='ocrx_word' id='word_1_171' title='bbox 1667 2434 1950 2485; x_wconf 89' lang='lat' dir='ltr'><strong>licentiam</strong></span> 
     </span>
     <span class='ocr_line' id='line_1_25' title="bbox 190 2522 1137 2573; baseline -0.003 0"><span class='ocrx_word' id='word_1_172' title='bbox 190 2522 535 2573; x_wconf 75' lang='lat' dir='ltr'><strong>insolescere</strong></span> <span class='ocrx_word' id='word_1_173' title='bbox 569 2522 801 2571; x_wconf 74' lang='lat' dir='ltr'><strong>animum</strong></span> <span class='ocrx_word' id='word_1_174' title='bbox 836 2522 1137 2571; x_wconf 79' lang='lat' dir='ltr'><strong>humanum.</strong></span> 
     </span>
    </p>
   </div>
   <div class='ocr_carea' id='block_1_3' title="bbox 300 2598 2099 2674">
    <p class='ocr_par' dir='ltr' id='par_1_3' title="bbox 300 2598 2099 2674">
     <span class='ocr_line' id='line_1_26' title="bbox 300 2598 2099 2674; baseline 0.001 -15"><span class='ocrx_word' id='word_1_175' title='bbox 300 2610 359 2659; x_wconf 80' lang='grc'><strong>’1.</strong></span> <span class='ocrx_word' id='word_1_176' title='bbox 410 2608 520 2660; x_wconf 76' lang='lat' dir='ltr'><strong>sed</strong></span> <span class='ocrx_word' id='word_1_177' title='bbox 557 2620 625 2659; x_wconf 90' lang='lat' dir='ltr'><strong>ea</strong></span> <span class='ocrx_word' id='word_1_178' title='bbox 664 2598 981 2673; x_wconf 80' lang='lat' dir='ltr'><strong>tempestate</strong></span> <span class='ocrx_word' id='word_1_179' title='bbox 1018 2621 1251 2671; x_wconf 86' lang='lat' dir='ltr'><strong>coepere</strong></span> <span class='ocrx_word' id='word_1_180' title='bbox 1284 2623 1346 2661; x_wconf 84' lang='lat' dir='ltr'><strong>se</strong></span> <span class='ocrx_word' id='word_1_181' title='bbox 1378 2610 1602 2673; x_wconf 89' lang='lat' dir='ltr'><strong>quisque</strong></span> <span class='ocrx_word' id='word_1_182' title='bbox 1635 2611 1808 2674; x_wconf 69' lang='lat' dir='ltr'><strong>magIs</strong></span> <span class='ocrx_word' id='word_1_183' title='bbox 1843 2617 2020 2669; x_wconf 68' lang='lat' dir='ltr'><strong>eat-25</strong></span> <span class='ocrx_word' id='word_1_184' title='bbox 2092 2617 2099 2626; x_wconf 83' lang='lat'><strong>·</strong></span> 
     </span>
    </p>
   </div>
   <div class='ocr_carea' id='block_1_4' title="bbox 190 2698 2020 3117">
    <p class='ocr_par' dir='ltr' id='par_1_4' title="bbox 190 2698 2020 3117">
     <span class='ocr_line' id='line_1_27' title="bbox 193 2698 1946 2762; baseline -0.001 -13"><span class='ocrx_word' id='word_1_185' title='bbox 193 2698 399 2749; x_wconf 81' lang='lat' dir='ltr'><strong>tollere</strong></span> <span class='ocrx_word' id='word_1_186' title='bbox 450 2699 730 2762; x_wconf 82' lang='lat' dir='ltr'><strong>magisque</strong></span> <span class='ocrx_word' id='word_1_187' title='bbox 780 2700 1058 2762; x_wconf 84' lang='lat' dir='ltr'><strong>ingenium</strong></span> <span class='ocrx_word' id='word_1_188' title='bbox 1109 2702 1165 2748; x_wconf 87' lang='lat' dir='ltr'><strong>in</strong></span> <span class='ocrx_word' id='word_1_189' title='bbox 1223 2702 1469 2761; x_wconf 87' lang='lat' dir='ltr'><strong>promptu</strong></span> <span class='ocrx_word' id='word_1_190' title='bbox 1527 2700 1740 2749; x_wconf 83' lang='lat' dir='ltr'><strong>habere.</strong></span> <span class='ocrx_word' id='word_1_191' title='bbox 1809 2700 1946 2748; x_wconf 86' lang='lat' dir='ltr'><strong>Nam</strong></span> 
     </span>
     <span class='ocr_line' id='line_1_28' title="bbox 190 2787 1944 2855; baseline -0.002 -16"><span class='ocrx_word' id='word_1_192' title='bbox 190 2787 423 2851; x_wconf 81' lang='lat' dir='ltr'><strong>regibus</strong></span> <span class='ocrx_word' id='word_1_193' title='bbox 458 2787 588 2837; x_wconf 83' lang='lat' dir='ltr'><strong>boni</strong></span> <span class='ocrx_word' id='word_1_194' title='bbox 628 2798 785 2849; x_wconf 88' lang='lat' dir='ltr'><strong>quam</strong></span> <span class='ocrx_word' id='word_1_195' title='bbox 830 2788 962 2837; x_wconf 85' lang='lat' dir='ltr'><strong>mali</strong></span> <span class='ocrx_word' id='word_1_196' title='bbox 1008 2790 1376 2849; x_wconf 86' lang='lat' dir='ltr'><strong>suspectiores</strong></span> <span class='ocrx_word' id='word_1_197' title='bbox 1424 2791 1579 2855; x_wconf 86' lang='lat' dir='ltr'><strong>sunt,</strong></span> <span class='ocrx_word' id='word_1_198' title='bbox 1629 2796 1944 2848; x_wconf 82' lang='lat' dir='ltr'><strong>semperque</strong></span> 
     </span>
     <span class='ocr_line' id='line_1_29' title="bbox 190 2874 1953 2927; baseline -0.001 0"><span class='ocrx_word' id='word_1_199' title='bbox 190 2877 277 2927; x_wconf 75' lang='lat' dir='ltr'><strong>his</strong></span> <span class='ocrx_word' id='word_1_200' title='bbox 312 2874 501 2925; x_wconf 77' lang='lat' dir='ltr'><strong>aliena</strong></span> <span class='ocrx_word' id='word_1_201' title='bbox 536 2876 710 2926; x_wconf 82' lang='lat' dir='ltr'><strong>virtus</strong></span> <span class='ocrx_word' id='word_1_202' title='bbox 762 2876 1121 2927; x_wconf 77' lang='lat' dir='ltr'><strong>formidolosa</strong></span> <span class='ocrx_word' id='word_1_203' title='bbox 1166 2880 1265 2927; x_wconf 79' lang='lat' dir='ltr'><strong>esi.</strong></span> <span class='ocrx_word' id='word_1_204' title='bbox 1338 2878 1445 2927; x_wconf 82' lang='lat' dir='ltr'><strong>Sed</strong></span> <span class='ocrx_word' id='word_1_205' title='bbox 1511 2878 1712 2926; x_wconf 85' lang='lat' dir='ltr'><strong>civitas</strong></span> <span class='ocrx_word' id='word_1_206' title='bbox 1761 2877 1953 2925; x_wconf 87' lang='lat' dir='ltr'><strong>incre-</strong></span> 
     </span>
     <span class='ocr_line' id='line_1_30' title="bbox 192 2963 1944 3028; baseline -0.001 -15"><span class='ocrx_word' id='word_1_207' title='bbox 192 2963 367 3015; x_wconf 81' lang='lat' dir='ltr'><strong>dibile</strong></span> <span class='ocrx_word' id='word_1_208' title='bbox 414 2966 714 3013; x_wconf 84' lang='lat' dir='ltr'><strong>memoratu</strong></span> <span class='ocrx_word' id='word_1_209' title='bbox 776 2965 862 3014; x_wconf 86' lang='lat' dir='ltr'><strong>est</strong></span> <span class='ocrx_word' id='word_1_210' title='bbox 913 2965 1111 3026; x_wconf 87' lang='lat' dir='ltr'><strong>adepta</strong></span> <span class='ocrx_word' id='word_1_211' title='bbox 1168 2964 1430 3016; x_wconf 81' lang='lat' dir='ltr'><strong>libertate</strong></span> <span class='ocrx_word' id='word_1_212' title='bbox 1484 2966 1738 3028; x_wconf 86' lang='lat' dir='ltr'><strong>quantum</strong></span> <span class='ocrx_word' id='word_1_213' title='bbox 1787 2964 1944 3013; x_wconf 83' lang='lat' dir='ltr'><strong>brevi</strong></span> 
     </span>
     <span class='ocr_line' id='line_1_31' title="bbox 192 3052 2020 3117; baseline -0.001 -14"><span class='ocrx_word' id='word_1_214' title='bbox 192 3052 474 3114; x_wconf 84' lang='lat' dir='ltr'><strong>creverit;</strong></span> <span class='ocrx_word' id='word_1_215' title='bbox 512 3054 667 3102; x_wconf 84' lang='lat' dir='ltr'><strong>tanta</strong></span> <span class='ocrx_word' id='word_1_216' title='bbox 707 3053 901 3115; x_wconf 86' lang='lat' dir='ltr'><strong>cupido</strong></span> <span class='ocrx_word' id='word_1_217' title='bbox 936 3052 1149 3117; x_wconf 86' lang='lat' dir='ltr'><strong>gloriae</strong></span> <span class='ocrx_word' id='word_1_218' title='bbox 1184 3055 1507 3104; x_wconf 84' lang='lat' dir='ltr'><strong>incesserat.</strong></span> <span class='ocrx_word' id='word_1_219' title='bbox 1566 3053 1679 3102; x_wconf 88' lang='lat' dir='ltr'><strong>Iam</strong></span> <span class='ocrx_word' id='word_1_220' title='bbox 1713 3052 1938 3115; x_wconf 87' lang='lat' dir='ltr'><strong>primum</strong></span> <span class='ocrx_word' id='word_1_221' title='bbox 1952 3060 2020 3115; x_wconf 86' lang='lat'><strong>30</strong></span> 
     </span>
    </p>
   </div>
   <div class='ocr_carea' id='block_1_5' title="bbox 193 3192 589 3204">
    <p class='ocr_par' dir='ltr' id='par_1_5' title="bbox 193 3192 589 3204">
     <span class='ocr_line' id='line_1_32' title="bbox 193 3192 589 3204; baseline 0 0"><span class='ocrx_word' id='word_1_222' title='bbox 193 3192 589 3204; x_wconf 95' lang='lat' dir='ltr'><strong> </strong></span> 
     </span>
    </p>
   </div>
   <div class='ocr_carea' id='block_1_6' title="bbox 183 3270 1944 3383">
    <p class='ocr_par' dir='ltr' id='par_1_6' title="bbox 183 3270 1944 3383">
     <span class='ocr_line' id='line_1_33' title="bbox 286 3270 1944 3324; baseline -0.001 -14"><span class='ocrx_word' id='word_1_223' title='bbox 286 3272 332 3312; x_wconf 73' lang='lat'><strong>8.</strong></span> <span class='ocrx_word' id='word_1_224' title='bbox 364 3271 438 3311; x_wconf 66' lang='lat' dir='ltr'><strong>ala·</strong></span> <span class='ocrx_word' id='word_1_225' title='bbox 460 3270 542 3311; x_wconf 67' lang='lat'><strong>«150</strong></span> <span class='ocrx_word' id='word_1_226' title='bbox 568 3272 617 3311; x_wconf 82' lang='lat' dir='ltr'><strong>V.</strong></span> <span class='ocrx_word' id='word_1_227' title='bbox 646 3292 695 3300; x_wconf 92' lang='lat'><strong>—-</strong></span> <span class='ocrx_word' id='word_1_228' title='bbox 734 3273 797 3312; x_wconf 72' lang='lat'><strong>¹9.</strong></span> <span class='ocrx_word' id='word_1_229' title='bbox 826 3274 1034 3324; x_wconf 63' lang='lat' dir='ltr'><strong>imperium</strong></span> <span class='ocrx_word' id='word_1_230' title='bbox 1057 3276 1205 3323; x_wconf 64' lang='lat' dir='ltr'><strong>regium</strong></span> <span class='ocrx_word' id='word_1_231' title='bbox 1234 3274 1285 3313; x_wconf 83' lang='lat' dir='ltr'><strong>V.</strong></span> <span class='ocrx_word' id='word_1_232' title='bbox 1314 3290 1360 3302; x_wconf 84' lang='lat'><strong>·—</strong></span> <span class='ocrx_word' id='word_1_233' title='bbox 1388 3272 1451 3312; x_wconf 71' lang='lat'><strong>21.</strong></span> <span class='ocrx_word' id='word_1_234' title='bbox 1481 3284 1523 3311; x_wconf 74' lang='lat' dir='ltr'><strong>ne</strong></span> <span class='ocrx_word' id='word_1_235' title='bbox 1547 3271 1740 3311; x_wconf 65' lang='lat' dir='ltr'><strong>emerus</strong></span> <span class='ocrx_word' id='word_1_236' title='bbox 1762 3270 1814 3312; x_wconf 77' lang='lat' dir='ltr'><strong>V.</strong></span> <span class='ocrx_word' id='word_1_237' title='bbox 1842 3270 1944 3323; x_wconf 78' lang='lat' dir='ltr'><strong>[u]</strong></span> 
     </span>
     <span class='ocr_line' id='line_1_34' title="bbox 183 3342 863 3383; baseline 0.003 -3"><span class='ocrx_word' id='word_1_238' title='bbox 183 3342 387 3380; x_wconf 64' lang='lat' dir='ltr'><strong>martit</strong></span> <span class='ocrx_word' id='word_1_239' title='bbox 410 3342 461 3382; x_wconf 73' lang='lat' dir='ltr'><strong>G.</strong></span> <span class='ocrx_word' id='word_1_240' title='bbox 493 3364 533 3373; x_wconf 91' lang='lat'>—</span> <span class='ocrx_word' id='word_1_241' title='bbox 588 3342 653 3383; x_wconf 66' lang='lat'><strong>22.</strong></span> <span class='ocrx_word' id='word_1_242' title='bbox 680 3342 789 3381; x_wconf 68' lang='lat' dir='ltr'><strong>binos</strong></span> <span class='ocrx_word' id='word_1_243' title='bbox 814 3342 863 3382; x_wconf 78' lang='lat' dir='ltr'><strong>V.</strong></span> 
     </span>
    </p>
   </div>
  </div>
 </body>
</html>
