2525 3925
598 305 885 357 BELLUM
920 304 1438 360 IUGUR'rmNUM.
1795 308 1882 359 ed

139 458 370 515 tresque
402 453 654 503 ostendit.
706 449 911 516 Quibus
943 456 1256 506 iuvantibus
1292 458 1586 519 quibusque
1624 458 1885 505 ministris

140 554 211 590 ea
244 542 455 605 egerit,
510 554 823 604 quamquam
858 543 1148 607 intellegat
1180 544 1414 607 populus
1449 544 1747 606 Romanus,
1797 547 1886 595 ta-

142 642 269 679 nen
305 629 459 681 velle
497 631 784 681 manifesta
819 633 993 695 magis
1041 645 1108 682 ex
1154 632 1254 683 illo
1301 635 1519 683 habere.
1589 632 1649 681 Si
1696 642 1886 681 verum

142 723 391 783 aperiat,
448 721 505 767 in
552 718 656 768 fide
702 724 757 769 et
808 720 1100 771 clementia
1147 720 1336 783 populi
1371 722 1602 771 Romani
1636 732 1910 783 magnam.

142 818 297 869 spem
344 806 429 855 iili
476 809 633 856 sitam
646 822 665 870 3
720 810 801 857 siu
858 810 1121 874 reticeat,
1174 822 1280 858 non
1327 810 1496 859 sociis
1540 808 1706 859 saluti
1743 808 1926 875 fore,5

145 894 244 944 sed
278 907 345 944 se
376 906 615 958 suasque
650 909 775 958 spes
812 903 1205 959 corrupturum.

255 982 347 1031 34.
402 984 636 1049 Deinde,
693 986 782 1035 ubi
832 986 1117 1035 Memmius
1171 987 1388 1035 dicundi
1439 986 1598 1036 finem
1652 988 1787 1036 feeit
1833 986 1892 1037 et

150 1072 415 1136 Iugurtha
461 1074 789 1136 respondere
840 1076 1019 1123 iussus
1066 1076 1182 1140 est,
1235 1074 1299 1123 G.
1336 1076 1590 1133 Baebius,
1643 1076 1890 1125 tribunus

150 1160 349 1224 plebis,
388 1174 551 1223 quem
592 1164 824 1224 pecunia
860 1167 1176 1226 corruptum
1204 1164 1388 1225 *supra
1422 1164 1674 1231 diximus,
1705 1176 1890 1228 regem

155 1254 345 1297 tacere
388 1250 562 1315 iubet,
620 1263 687 1300 ac
733 1252 956 1301 tametsi
1001 1252 1321 1319 multitudo,
1375 1254 1602 1315 quaein
1640 1254 1974 1309 contionem

157 1340 379 1401 aderat,
432 1340 787 1389 vehementer
842 1350 1107 1405 aceensa,
1163 1340 1404 1390 terrebat
1460 1352 1586 1389 eum
1639 1340 1898 1403 elamore,

154 1426 342 1490 voitu,
378 1438 545 1489 saepe
580 1430 770 1489 inpetu
807 1431 975 1491 atque
1010 1428 1137 1478 aliis
1171 1430 1456 1492 omnibuS,
1489 1440 1628 1492 quae
1657 1430 1744 1479 ira
1777 1428 1902 1479 fleri

156 1518 339 1578 amat,
398 1517 533 1565 vicit
587 1519 769 1566 tamen
818 1518 1150 1580 inpudentia.
1242 1519 1329 1568 Ita
1382 1518 1611 1580 populus
1663 1517 1901 1569 ludibrio

156 1604 372 1655 babitus
420 1616 489 1652 ex
544 1606 799 1655 contione
846 1606 1105 1656 discedit:
1161 1602 1456 1671 Iugurthae
1489 1586 1809 1668 Bestiaeque
1843 1608 1900 1655 et

156 1695 377 1759 ceteris,
417 1704 549 1755 quos
582 1692 683 1743 iila
720 1697 967 1755 quaestio
994 1696 1336 1759 exagitabat,
1377 1696 1548 1745 animi
1581 1696 1896 1758 augescunt.
1911 1698 1976 1749 15

254 1782 348 1829 35.
425 1780 561 1831 Erat
610 1792 678 1831 ea
733 1784 1057 1845 tempestate
1105 1785 1316 1832 Romae
1373 1780 1610 1833 Numida
1663 1782 1899 1845 quidam,

156 1872 373 1922 nomine
428 1871 705 1936 Massiva,
768 1869 1041 1922 Gulussae
1092 1870 1270 1933 filius,
1323 1872 1650 1937 Masinissae
1701 1880 1900 1934 nepos;

157 1964 243 2023 qui
265 1996 281 2024 ,
346 1960 478 2022 quia
536 1960 589 2010 iu
650 1958 987 2010 dissensione
1049 1972 1243 2024 regum
1293 1960 1588 2023 Iugurthae
1633 1960 1903 2010 advorsus

158 2051 374 2111 fuerat,
427 2047 613 2098 dedita
648 2045 800 2099 Cirta
836 2052 893 2098 et
927 2048 1233 2098 Adherbale
1266 2049 1590 2111 interfecto,
1641 2050 1904 2112 promgus

160 2149 227 2188 ex
247 2136 445 2208 ⁸Ati-itta
481 2138 708 2187 abierat.
764 2138 901 2186 Huic
923 2139 1017 2200 Sp.
1040 2137 1299 2201 Albinus,
1336 2139 1429 2201 qui
1462 2148 1726 2198 proxumo
1760 2140 1984 2191 anno20

164 2227 289 2287 pust
306 2226 551 2276 Bestiam
584 2237 711 2274 eum
736 2221 802 2288 Q.
824 2227 1067 2275 Minucio
1102 2227 1248 2276 Rufo
1287 2224 1626 2275 consulatum
1660 2226 1905 2289 gerebat,

168 2313 491 2377 persuadet,
546 2317 801 2376 quoniam
850 2326 919 2363 ex
966 2315 1139 2376 stirpe
1182 2315 1510 2364 Masinissae
1556 2315 1660 2381 sit,
1709 2315 1918 2377 Iugur-·

164 2405 421 2465 tbamque
448 2403 515 2452 ob
554 2401 773 2453 seelera
807 2404 1016 2452 invidia
1054 2413 1175 2452 eum
1210 2405 1362 2451 metu
1397 2406 1647 2468 urgueat,
1683 2413 1908 2466 regnum

164 2492 449 2543 Numidiae
484 2493 553 2540 ab
592 2493 783 2540 senatu
822 2495 988 2553 petat.
1043 2491 1253 2539 Avidus
1287 2490 1482 2550 eonsul
1515 2490 1648 2540 beili
1681 2489 1911 2554 gerundi

161 2581 379 2629 moveri
415 2590 579 2641 quam
614 2590 903 2630 senescere
939 2579 1119 2628 omnia
1154 2577 1398 2628 malebat
1408 2592 1427 2641 3
1479 2578 1585 2638 ipsi
1620 2579 1909 2639 provincia
1921 2579 1990 2634 25

164 2669 435 2732 Numidia,
468 2669 710 2717 Minucio
746 2667 1069 2718 Macedonia
1102 2668 1385 2716 evenerat.
1442 2661 1597 2728 Quae
1633 2669 1912 2727 postquam

164 2759 411 2810 Massiva
444 2757 659 2820 agitare
698 2758 897 2819 coepit,
932 2767 1108 2817 neque
1126 2755 1424 2820 Iugurthae
1458 2755 1516 2802 in
1549 2751 1744 2804 amieis
1777 2753 1932 2816 satis²

166 2843 407 2907 praesidi
444 2847 546 2909 est,
580 2841 723 2906 quod
759 2854 946 2894 eorum
984 2842 1149 2893 alium
1188 2844 1545 2907 conscientia,
1580 2841 1746 2892 alium
1770 2840 1916 2892 mala

162 2935 311 2984 fama
334 2938 393 2984 et
418 2935 579 2982 timor
594 2931 923 2997 inpediebat,
946 2930 1260 2995 Bemmari,
1287 2943 1546 2994 proxumo
1569 2942 1638 2980 ae
1667 2941 1915 2980 maxume

166 3023 275 3074 fido
308 3023 447 3083 sibi,
480 3021 754 3089 imperat,
790 3024 1000 3084 pretio,
1042 3021 1208 3070 sicuti
1242 3017 1417 3070 multa
1451 3020 1792 3084 conseverat,
1823 3015 1994 3077 ili-30

260 3240 303 3277 ὅ.
332 3235 544 3276 mincii.
572 3237 679 3275 coni.
710 3257 757 3267 -
806 3235 872 3280 20,
901 3235 1213 3287 6070u1V.-
1248 3229 1312 3274 fl.
1345 3233 1439 3273 ον.
1465 3253 1514 3264 --
1549 3233 1780 3284 Ing-rm
1803 3231 1918 3274 V.-

162 3309 227 3349 5.
252 3317 421 3346 nome
442 3306 492 3345 θ.
525 3329 564 3336 -
614 3305 681 3345 ⁸⁰.
708 3307 813 3345 siene
832 3305 884 3343 V.
