<?xml version="1.0" encoding="UTF-8"?>
<!DOCTYPE html PUBLIC "-//W3C//DTD XHTML 1.0 Transitional//EN"
    "http://www.w3.org/TR/xhtml1/DTD/xhtml1-transitional.dtd">
<html xmlns="http://www.w3.org/1999/xhtml" xml:lang="en" lang="en">
 <head>
  <title>
</title>
<meta http-equiv="Content-Type" content="text/html;charset=utf-8" />
  <meta name='ocr-system' content='tesseract 3.04.00' />
  <meta name='ocr-capabilities' content='ocr_page ocr_carea ocr_par ocr_line ocrx_word'/>
</head>
<body>
  <div class='ocr_page' id='page_1' title='image "./catilinaetiugur00livygoog_0270.png"; bbox 0 0 2525 3925; ppageno 0'>
   <div class='ocr_carea' id='block_1_1' title="bbox 540 300 1763 366">
    <p class='ocr_par' dir='ltr' id='par_1_1' title="bbox 540 300 1763 366">
     <span class='ocr_line' id='line_1_1' title="bbox 540 300 1763 366; baseline -0.002 0"><span class='ocrx_word' id='word_1_1' title='bbox 540 317 652 366; x_wconf 70' lang='lat'><strong>254</strong></span> <span class='ocrx_word' id='word_1_2' title='bbox 1091 300 1450 366; x_wconf 72' lang='grc' dir='ltr'><strong>ΕΡΙΤΌΜΑΕ</strong></span> <span class='ocrx_word' id='word_1_3' title='bbox 1487 317 1548 366; x_wconf 77' lang='grc' dir='ltr'><strong>Τ.</strong></span> <span class='ocrx_word' id='word_1_4' title='bbox 1582 316 1763 366; x_wconf 77' lang='lat' dir='ltr'><strong>mvn</strong></span> 
     </span>
    </p>
   </div>
   <div class='ocr_carea' id='block_1_2' title="bbox 460 461 2342 3373">
    <p class='ocr_par' dir='ltr' id='par_1_2' title="bbox 460 461 2342 3373">
     <span class='ocr_line' id='line_1_2' title="bbox 534 461 2286 529; baseline -0.002 -14"><span class='ocrx_word' id='word_1_5' title='bbox 534 471 675 516; x_wconf 78' lang='lat' dir='ltr'><strong>stem</strong></span> <span class='ocrx_word' id='word_1_6' title='bbox 734 473 921 529; x_wconf 79' lang='lat' dir='ltr'><strong>posse,</strong></span> <span class='ocrx_word' id='word_1_7' title='bbox 979 463 1029 512; x_wconf 82' lang='lat' dir='ltr'><strong>si</strong></span> <span class='ocrx_word' id='word_1_8' title='bbox 1064 466 1243 512; x_wconf 86' lang='lat' dir='ltr'><strong>mater</strong></span> <span class='ocrx_word' id='word_1_9' title='bbox 1277 461 1442 513; x_wconf 82' lang='lat' dir='ltr'><strong>Idaea</strong></span> <span class='ocrx_word' id='word_1_10' title='bbox 1497 461 1782 524; x_wconf 83' lang='lat' dir='ltr'><strong>deportata</strong></span> <span class='ocrx_word' id='word_1_11' title='bbox 1811 463 2038 512; x_wconf 75' lang='lat' dir='ltr'><strong>Romam</strong></span> <span class='ocrx_word' id='word_1_12' title='bbox 2087 466 2286 514; x_wconf 76' lang='lat' dir='ltr'><strong>esset.»</strong></span> 
     </span>
     <span class='ocr_line' id='line_1_3' title="bbox 534 551 2288 614; baseline -0.002 -10"><span class='ocrx_word' id='word_1_13' title='bbox 534 553 761 604; x_wconf 76' lang='lat' dir='ltr'><strong>Tradita</strong></span> <span class='ocrx_word' id='word_1_14' title='bbox 798 554 983 602; x_wconf 77' lang='lat' dir='ltr'><strong>autem</strong></span> <span class='ocrx_word' id='word_1_15' title='bbox 1024 556 1111 602; x_wconf 85' lang='lat' dir='ltr'><strong>est</strong></span> <span class='ocrx_word' id='word_1_16' title='bbox 1144 552 1403 600; x_wconf 81' lang='lat' dir='ltr'><strong>Romanis</strong></span> <span class='ocrx_word' id='word_1_17' title='bbox 1445 563 1544 612; x_wconf 86' lang='lat' dir='ltr'><strong>per</strong></span> <span class='ocrx_word' id='word_1_18' title='bbox 1578 551 1821 602; x_wconf 79' lang='lat' dir='ltr'><strong>Attalum</strong></span> <span class='ocrx_word' id='word_1_19' title='bbox 1867 564 2058 614; x_wconf 82' lang='lat' dir='ltr'><strong>regem</strong></span> <span class='ocrx_word' id='word_1_20' title='bbox 2105 555 2288 604; x_wconf 79' lang='lat' dir='ltr'><strong>Asiae.</strong></span> 
     </span>
     <span class='ocr_line' id='line_1_4' title="bbox 546 633 2288 705; baseline -0.002 -11"><span class='ocrx_word' id='word_1_21' title='bbox 546 645 711 705; x_wconf 76' lang='lat' dir='ltr'><strong>Lapis</strong></span> <span class='ocrx_word' id='word_1_22' title='bbox 749 642 869 692; x_wconf 82' lang='lat' dir='ltr'><strong>erat</strong></span> <span class='ocrx_word' id='word_1_23' title='bbox 914 643 1339 702; x_wconf 79' lang='lat' dir='ltr'><strong>quem,matrem</strong></span> <span class='ocrx_word' id='word_1_24' title='bbox 1375 633 1540 690; x_wconf 69' lang='lat' dir='ltr'><strong>desim</strong></span> <span class='ocrx_word' id='word_1_25' title='bbox 1575 639 1794 690; x_wconf 83' lang='lat' dir='ltr'><strong>incolae</strong></span> <span class='ocrx_word' id='word_1_26' title='bbox 1831 641 2104 690; x_wconf 77' lang='lat' dir='ltr'><strong>dicebant.</strong></span> <span class='ocrx_word' id='word_1_27' title='bbox 2177 641 2288 690; x_wconf 82' lang='lat' dir='ltr'><strong>Ex-</strong></span> 
     </span>
     <span class='ocr_line' id='line_1_5' title="bbox 540 726 2287 795; baseline -0.002 -13"><span class='ocrx_word' id='word_1_28' title='bbox 540 733 689 795; x_wconf 84' lang='lat' dir='ltr'><strong>cepit</strong></span> <span class='ocrx_word' id='word_1_29' title='bbox 722 732 781 781; x_wconf 88' lang='lat' dir='ltr'><strong>P.</strong></span> <span class='ocrx_word' id='word_1_30' title='bbox 830 731 1019 792; x_wconf 82' lang='lat' dir='ltr'><strong>Scipio</strong></span> <span class='ocrx_word' id='word_1_31' title='bbox 1065 729 1269 779; x_wconf 81' lang='lat' dir='ltr'><strong>Nasica</strong></span> <span class='ocrx_word' id='word_1_32' title='bbox 1318 726 1414 778; x_wconf 86' lang='lat' dir='ltr'><strong>Cn.</strong></span> <span class='ocrx_word' id='word_1_33' title='bbox 1453 728 1628 791; x_wconf 86' lang='lat' dir='ltr'><strong>filius,</strong></span> <span class='ocrx_word' id='word_1_34' title='bbox 1675 729 1792 778; x_wconf 89' lang='lat' dir='ltr'><strong>eius</strong></span> <span class='ocrx_word' id='word_1_35' title='bbox 1839 731 1931 791; x_wconf 81' lang='lat' dir='ltr'><strong>qui</strong></span> <span class='ocrx_word' id='word_1_36' title='bbox 1981 731 2038 778; x_wconf 87' lang='lat' dir='ltr'><strong>in</strong></span> <span class='ocrx_word' id='word_1_37' title='bbox 2085 731 2287 792; x_wconf 85' lang='lat' dir='ltr'><strong>Hispa-</strong></span> 
     </span>
     <span class='ocr_line' id='line_1_6' title="bbox 500 816 2288 884; baseline -0.003 -11"><span class='ocrx_word' id='word_1_38' title='bbox 500 824 663 874; x_wconf 87' lang='lat' dir='ltr'><strong>5niae</strong></span> <span class='ocrx_word' id='word_1_39' title='bbox 710 820 980 883; x_wconf 84' lang='lat' dir='ltr'><strong>perierat,</strong></span> <span class='ocrx_word' id='word_1_40' title='bbox 1030 819 1117 866; x_wconf 85' lang='lat' dir='ltr'><strong>vir</strong></span> <span class='ocrx_word' id='word_1_41' title='bbox 1150 819 1382 880; x_wconf 79' lang='lat' dir='ltr'><strong>optimus</strong></span> <span class='ocrx_word' id='word_1_42' title='bbox 1430 830 1463 867; x_wconf 86' lang='lat' dir='ltr'><strong>a</strong></span> <span class='ocrx_word' id='word_1_43' title='bbox 1501 822 1696 876; x_wconf 78' lang='lat' dir='ltr'><strong>senatu</strong></span> <span class='ocrx_word' id='word_1_44' title='bbox 1741 816 2043 884; x_wconf 87' lang='lat' dir='ltr'><strong>iudicatus,</strong></span> <span class='ocrx_word' id='word_1_45' title='bbox 2097 819 2288 868; x_wconf 78' lang='lat' dir='ltr'><strong>adole-</strong></span> 
     </span>
     <span class='ocr_line' id='line_1_7' title="bbox 538 907 2286 972; baseline -0.002 -12"><span class='ocrx_word' id='word_1_46' title='bbox 538 921 701 960; x_wconf 83' lang='lat' dir='ltr'>scens</span> <span class='ocrx_word' id='word_1_47' title='bbox 730 909 967 958; x_wconf 84' lang='lat' dir='ltr'><strong>nondum</strong></span> <span class='ocrx_word' id='word_1_48' title='bbox 996 907 1357 972; x_wconf 79' lang='lat' dir='ltr'><strong>quaestorius,</strong></span> <span class='ocrx_word' id='word_1_49' title='bbox 1397 907 1652 968; x_wconf 85' lang='lat' dir='ltr'><strong>quoniam</strong></span> <span class='ocrx_word' id='word_1_50' title='bbox 1677 907 1755 957; x_wconf 90' lang='lat' dir='ltr'><strong>ita</strong></span> <span class='ocrx_word' id='word_1_51' title='bbox 1779 919 2100 968; x_wconf 85' lang='lat' dir='ltr'><strong>responsum</strong></span> <span class='ocrx_word' id='word_1_52' title='bbox 2135 909 2286 956; x_wconf 86' lang='lat' dir='ltr'><strong>iube-</strong></span> 
     </span>
     <span class='ocr_line' id='line_1_8' title="bbox 539 996 2288 1063; baseline -0.002 -13"><span class='ocrx_word' id='word_1_53' title='bbox 539 1001 663 1063; x_wconf 84' lang='lat' dir='ltr'><strong>bat,</strong></span> <span class='ocrx_word' id='word_1_54' title='bbox 715 1001 817 1046; x_wconf 84' lang='lat' dir='ltr'><strong>«ut</strong></span> <span class='ocrx_word' id='word_1_55' title='bbox 854 1008 1054 1045; x_wconf 86' lang='lat' dir='ltr'><strong>numen</strong></span> <span class='ocrx_word' id='word_1_56' title='bbox 1102 996 1152 1043; x_wconf 91' lang='lat' dir='ltr'><strong>id</strong></span> <span class='ocrx_word' id='word_1_57' title='bbox 1190 997 1259 1044; x_wconf 86' lang='lat' dir='ltr'><strong>ab</strong></span> <span class='ocrx_word' id='word_1_58' title='bbox 1303 997 1506 1056; x_wconf 84' lang='lat' dir='ltr'><strong>optimo</strong></span> <span class='ocrx_word' id='word_1_59' title='bbox 1544 997 1666 1044; x_wconf 83' lang='lat' dir='ltr'><strong>viro</strong></span> <span class='ocrx_word' id='word_1_60' title='bbox 1709 997 2048 1058; x_wconf 77' lang='lat' dir='ltr'><strong>reciperetur</strong></span> <span class='ocrx_word' id='word_1_61' title='bbox 2089 1009 2288 1046; x_wconf 84' lang='lat' dir='ltr'><strong>conse-</strong></span> 
     </span>
     <span class='ocr_line' id='line_1_9' title="bbox 539 1083 2286 1151; baseline -0.003 -14"><span class='ocrx_word' id='word_1_62' title='bbox 539 1091 949 1147; x_wconf 82' lang='lat' dir='ltr'><strong>crareturquc.»</strong></span> <span class='ocrx_word' id='word_1_63' title='bbox 1022 1085 1330 1134; x_wconf 79' lang='lat' dir='ltr'><strong>Locrenses</strong></span> <span class='ocrx_word' id='word_1_64' title='bbox 1366 1083 1580 1147; x_wconf 85' lang='lat' dir='ltr'><strong>legatos</strong></span> <span class='ocrx_word' id='word_1_65' title='bbox 1610 1084 1833 1134; x_wconf 81' lang='lat' dir='ltr'><strong>Romam</strong></span> <span class='ocrx_word' id='word_1_66' title='bbox 1867 1086 2158 1151; x_wconf 87' lang='lat' dir='ltr'><strong>miserunt,</strong></span> <span class='ocrx_word' id='word_1_67' title='bbox 2189 1085 2286 1147; x_wconf 80' lang='lat' dir='ltr'><strong>&#39;qui</strong></span> 
     </span>
     <span class='ocr_line' id='line_1_10' title="bbox 537 1169 2286 1239; baseline -0.001 -15"><span class='ocrx_word' id='word_1_68' title='bbox 537 1176 605 1224; x_wconf 85' lang='lat' dir='ltr'><strong>de</strong></span> <span class='ocrx_word' id='word_1_69' title='bbox 640 1174 963 1237; x_wconf 80' lang='lat' dir='ltr'><strong>impotentia</strong></span> <span class='ocrx_word' id='word_1_70' title='bbox 997 1169 1061 1235; x_wconf 81' lang='lat' dir='ltr'><strong>Q.</strong></span> <span class='ocrx_word' id='word_1_71' title='bbox 1086 1169 1332 1222; x_wconf 85' lang='lat' dir='ltr'><strong>Pleminii</strong></span> <span class='ocrx_word' id='word_1_72' title='bbox 1369 1173 1542 1237; x_wconf 81' lang='lat' dir='ltr'><strong>legati</strong></span> <span class='ocrx_word' id='word_1_73' title='bbox 1583 1176 1962 1239; x_wconf 79' lang='lat' dir='ltr'><strong>quererentur,</strong></span> <span class='ocrx_word' id='word_1_74' title='bbox 2002 1176 2150 1236; x_wconf 81' lang='lat' dir='ltr'><strong>quod</strong></span> <span class='ocrx_word' id='word_1_75' title='bbox 2191 1185 2286 1236; x_wconf 87' lang='lat' dir='ltr'><strong>pe-</strong></span> 
     </span>
     <span class='ocr_line' id='line_1_11' title="bbox 464 1261 2285 1322; baseline -0.001 -8"><span class='ocrx_word' id='word_1_76' title='bbox 464 1268 529 1318; x_wconf 88' lang='lat'><strong>10</strong></span> <span class='ocrx_word' id='word_1_77' title='bbox 544 1264 754 1314; x_wconf 84' lang='lat' dir='ltr'><strong>cuniam</strong></span> <span class='ocrx_word' id='word_1_78' title='bbox 786 1261 1145 1322; x_wconf 82' lang='lat' dir='ltr'><strong>Proserpinae</strong></span> <span class='ocrx_word' id='word_1_79' title='bbox 1182 1263 1484 1313; x_wconf 81' lang='lat' dir='ltr'><strong>abstulerat</strong></span> <span class='ocrx_word' id='word_1_80' title='bbox 1520 1267 1576 1312; x_wconf 88' lang='lat' dir='ltr'><strong>et</strong></span> <span class='ocrx_word' id='word_1_81' title='bbox 1610 1261 1812 1312; x_wconf 88' lang='lat' dir='ltr'><strong>liberos</strong></span> <span class='ocrx_word' id='word_1_82' title='bbox 1838 1275 2025 1313; x_wconf 86' lang='lat' dir='ltr'><strong>eorum</strong></span> <span class='ocrx_word' id='word_1_83' title='bbox 2051 1275 2123 1312; x_wconf 85' lang='lat' dir='ltr'><strong>ac</strong></span> <span class='ocrx_word' id='word_1_84' title='bbox 2149 1274 2285 1312; x_wconf 89' lang='lat' dir='ltr'><strong>con-</strong></span> 
     </span>
     <span class='ocr_line' id='line_1_12' title="bbox 534 1351 2286 1416; baseline 0 -16"><span class='ocrx_word' id='word_1_85' title='bbox 534 1355 692 1416; x_wconf 85' lang='lat' dir='ltr'><strong>iuges</strong></span> <span class='ocrx_word' id='word_1_86' title='bbox 742 1354 1107 1412; x_wconf 78' lang='lat' dir='ltr'><strong>stupraverat.</strong></span> <span class='ocrx_word' id='word_1_87' title='bbox 1190 1351 1486 1402; x_wconf 85' lang='lat' dir='ltr'><strong>Pleminius</strong></span> <span class='ocrx_word' id='word_1_88' title='bbox 1527 1353 1580 1401; x_wconf 89' lang='lat' dir='ltr'><strong>in</strong></span> <span class='ocrx_word' id='word_1_89' title='bbox 1625 1353 1836 1402; x_wconf 81' lang='lat' dir='ltr'><strong>catenis</strong></span> <span class='ocrx_word' id='word_1_90' title='bbox 1870 1352 2102 1401; x_wconf 85' lang='lat' dir='ltr'><strong>Romam</strong></span> <span class='ocrx_word' id='word_1_91' title='bbox 2157 1363 2286 1412; x_wconf 84' lang='lat' dir='ltr'><strong>per·-</strong></span> 
     </span>
     <span class='ocr_line' id='line_1_13' title="bbox 538 1438 2287 1504; baseline -0.001 -14"><span class='ocrx_word' id='word_1_92' title='bbox 538 1441 761 1504; x_wconf 76' lang='lat' dir='ltr'><strong>ductuS,</strong></span> <span class='ocrx_word' id='word_1_93' title='bbox 799 1441 853 1488; x_wconf 92' lang='lat' dir='ltr'><strong>in</strong></span> <span class='ocrx_word' id='word_1_94' title='bbox 893 1451 1117 1490; x_wconf 85' lang='lat' dir='ltr'><strong>carcere</strong></span> <span class='ocrx_word' id='word_1_95' title='bbox 1158 1444 1400 1490; x_wconf 86' lang='lat' dir='ltr'><strong>mortuus</strong></span> <span class='ocrx_word' id='word_1_96' title='bbox 1437 1443 1540 1490; x_wconf 86' lang='lat' dir='ltr'><strong>est.</strong></span> <span class='ocrx_word' id='word_1_97' title='bbox 1611 1438 1743 1490; x_wconf 88' lang='lat' dir='ltr'><strong>Cum</strong></span> <span class='ocrx_word' id='word_1_98' title='bbox 1779 1441 1952 1490; x_wconf 84' lang='lat' dir='ltr'><strong>falsus</strong></span> <span class='ocrx_word' id='word_1_99' title='bbox 1991 1453 2186 1490; x_wconf 87' lang='lat' dir='ltr'><strong>rumor</strong></span> <span class='ocrx_word' id='word_1_100' title='bbox 2225 1440 2287 1489; x_wconf 81' lang='lat' dir='ltr'><strong>tle</strong></span> 
     </span>
     <span class='ocr_line' id='line_1_14' title="bbox 536 1529 2284 1594; baseline 0 -16"><span class='ocrx_word' id='word_1_101' title='bbox 536 1529 595 1580; x_wconf 88' lang='lat' dir='ltr'><strong>P.</strong></span> <span class='ocrx_word' id='word_1_102' title='bbox 630 1530 887 1592; x_wconf 82' lang='lat' dir='ltr'><strong>Scipione</strong></span> <span class='ocrx_word' id='word_1_103' title='bbox 928 1529 1287 1591; x_wconf 81' lang='lat' dir='ltr'><strong>proconsule,</strong></span> <span class='ocrx_word' id='word_1_104' title='bbox 1338 1531 1431 1591; x_wconf 89' lang='lat' dir='ltr'><strong>qui</strong></span> <span class='ocrx_word' id='word_1_105' title='bbox 1476 1530 1534 1578; x_wconf 91' lang='lat' dir='ltr'><strong>in</strong></span> <span class='ocrx_word' id='word_1_106' title='bbox 1569 1529 1764 1580; x_wconf 78' lang='lat' dir='ltr'><strong>Sicilia</strong></span> <span class='ocrx_word' id='word_1_107' title='bbox 1799 1531 1946 1594; x_wconf 88' lang='lat' dir='ltr'><strong>erat,</strong></span> <span class='ocrx_word' id='word_1_108' title='bbox 1996 1530 2053 1578; x_wconf 88' lang='lat' dir='ltr'><strong>in</strong></span> <span class='ocrx_word' id='word_1_109' title='bbox 2099 1531 2284 1580; x_wconf 85' lang='lat' dir='ltr'><strong>urbem</strong></span> 
     </span>
     <span class='ocr_line' id='line_1_15' title="bbox 538 1617 2285 1682; baseline -0.001 -15"><span class='ocrx_word' id='word_1_110' title='bbox 538 1617 779 1680; x_wconf 85' lang='lat' dir='ltr'><strong>perlatus</strong></span> <span class='ocrx_word' id='word_1_111' title='bbox 812 1621 984 1682; x_wconf 80' lang='lat' dir='ltr'><strong>esset,</strong></span> <span class='ocrx_word' id='word_1_112' title='bbox 1034 1621 1300 1679; x_wconf 82' lang='lat' dir='ltr'><strong>tamquam</strong></span> <span class='ocrx_word' id='word_1_113' title='bbox 1335 1619 1382 1666; x_wconf 93' lang='lat' dir='ltr'><strong>is</strong></span> <span class='ocrx_word' id='word_1_114' title='bbox 1417 1617 1816 1681; x_wconf 83' lang='lat' dir='ltr'><strong>luxuriaretur,</strong></span> <span class='ocrx_word' id='word_1_115' title='bbox 1853 1619 2036 1668; x_wconf 87' lang='lat' dir='ltr'><strong>missis</strong></span> <span class='ocrx_word' id='word_1_116' title='bbox 2073 1620 2146 1668; x_wconf 84' lang='lat' dir='ltr'><strong>ob</strong></span> <span class='ocrx_word' id='word_1_117' title='bbox 2184 1619 2285 1668; x_wconf 82' lang='lat' dir='ltr'><strong>hoc</strong></span> 
     </span>
     <span class='ocr_line' id='line_1_16' title="bbox 461 1705 2284 1773; baseline -0.003 -11"><span class='ocrx_word' id='word_1_118' title='bbox 461 1713 522 1762; x_wconf 85' lang='lat'><strong>15</strong></span> <span class='ocrx_word' id='word_1_119' title='bbox 539 1708 737 1770; x_wconf 78' lang='lat' dir='ltr'><strong>legatis</strong></span> <span class='ocrx_word' id='word_1_120' title='bbox 763 1721 797 1758; x_wconf 90' lang='lat' dir='ltr'><strong>a</strong></span> <span class='ocrx_word' id='word_1_121' title='bbox 818 1711 1027 1772; x_wconf 84' lang='lat' dir='ltr'><strong>senatu,</strong></span> <span class='ocrx_word' id='word_1_122' title='bbox 1056 1709 1149 1769; x_wconf 86' lang='lat' dir='ltr'><strong>qui</strong></span> <span class='ocrx_word' id='word_1_123' title='bbox 1172 1705 1543 1770; x_wconf 83' lang='lat' dir='ltr'><strong>explorarent,</strong></span> <span class='ocrx_word' id='word_1_124' title='bbox 1569 1718 1638 1756; x_wconf 87' lang='lat' dir='ltr'><strong>an</strong></span> <span class='ocrx_word' id='word_1_125' title='bbox 1665 1720 1736 1756; x_wconf 89' lang='lat' dir='ltr'><strong>ea</strong></span> <span class='ocrx_word' id='word_1_126' title='bbox 1758 1719 1894 1756; x_wconf 83' lang='lat' dir='ltr'><strong>vera</strong></span> <span class='ocrx_word' id='word_1_127' title='bbox 1917 1710 2127 1773; x_wconf 83' lang='lat' dir='ltr'><strong>essent,</strong></span> <span class='ocrx_word' id='word_1_128' title='bbox 2151 1720 2284 1769; x_wconf 87' lang='lat' dir='ltr'><strong>pur-</strong></span> 
     </span>
     <span class='ocr_line' id='line_1_17' title="bbox 534 1796 2342 1860; baseline 0 -14"><span class='ocrx_word' id='word_1_129' title='bbox 534 1801 695 1860; x_wconf 84' lang='lat' dir='ltr'><strong>gatus</strong></span> <span class='ocrx_word' id='word_1_130' title='bbox 745 1797 973 1847; x_wconf 79' lang='lat' dir='ltr'><strong>infamia</strong></span> <span class='ocrx_word' id='word_1_131' title='bbox 1008 1796 1196 1858; x_wconf 82' lang='lat' dir='ltr'><strong>Scipio</strong></span> <span class='ocrx_word' id='word_1_132' title='bbox 1242 1797 1300 1844; x_wconf 87' lang='lat' dir='ltr'><strong>in</strong></span> <span class='ocrx_word' id='word_1_133' title='bbox 1335 1796 1578 1845; x_wconf 83' lang='lat' dir='ltr'><strong>Africam</strong></span> <span class='ocrx_word' id='word_1_134' title='bbox 1627 1797 1844 1846; x_wconf 84' lang='lat' dir='ltr'><strong>traiecit</strong></span> <span class='ocrx_word' id='word_1_135' title='bbox 1889 1799 2118 1846; x_wconf 87' lang='lat' dir='ltr'><strong>senatus</strong></span> <span class='ocrx_word' id='word_1_136' title='bbox 2157 1808 2342 1858; x_wconf 79' lang='lat' dir='ltr'><strong>per-55⁰</strong></span> 
     </span>
     <span class='ocr_line' id='line_1_18' title="bbox 536 1883 2282 1946; baseline 0.001 -13"><span class='ocrx_word' id='word_1_137' title='bbox 536 1887 718 1935; x_wconf 83' lang='lat' dir='ltr'><strong>missu.</strong></span> <span class='ocrx_word' id='word_1_138' title='bbox 790 1884 1015 1946; x_wconf 79' lang='lat' dir='ltr'><strong>syphax</strong></span> <span class='ocrx_word' id='word_1_139' title='bbox 1054 1887 1282 1945; x_wconf 82' lang='lat' dir='ltr'><strong>accepta</strong></span> <span class='ocrx_word' id='word_1_140' title='bbox 1331 1886 1386 1932; x_wconf 90' lang='lat' dir='ltr'><strong>in</strong></span> <span class='ocrx_word' id='word_1_141' title='bbox 1438 1887 1838 1934; x_wconf 76' lang='lat' dir='ltr'><strong>matrimomum</strong></span> <span class='ocrx_word' id='word_1_142' title='bbox 1879 1883 1994 1934; x_wconf 78' lang='lat' dir='ltr'><strong>filia</strong></span> <span class='ocrx_word' id='word_1_143' title='bbox 2031 1887 2282 1935; x_wconf 83' lang='lat' dir='ltr'><strong>Hasdru-</strong></span> 
     </span>
     <span class='ocr_line' id='line_1_19' title="bbox 535 1973 2281 2039; baseline 0 -16"><span class='ocrx_word' id='word_1_144' title='bbox 535 1974 675 2023; x_wconf 84' lang='lat' dir='ltr'><strong>balis</strong></span> <span class='ocrx_word' id='word_1_145' title='bbox 714 1973 999 2039; x_wconf 83' lang='lat' dir='ltr'><strong>Gisgonis,</strong></span> <span class='ocrx_word' id='word_1_146' title='bbox 1040 1976 1316 2023; x_wconf 82' lang='lat' dir='ltr'><strong>amicitiae</strong></span> <span class='ocrx_word' id='word_1_147' title='bbox 1354 1986 1513 2036; x_wconf 81' lang='lat' dir='ltr'><strong>quam</strong></span> <span class='ocrx_word' id='word_1_148' title='bbox 1551 1987 1667 2023; x_wconf 90' lang='lat' dir='ltr'><strong>cum</strong></span> <span class='ocrx_word' id='word_1_149' title='bbox 1707 1976 1964 2036; x_wconf 85' lang='lat' dir='ltr'><strong>Scipione</strong></span> <span class='ocrx_word' id='word_1_150' title='bbox 2001 1977 2122 2035; x_wconf 87' lang='lat' dir='ltr'><strong>ipse</strong></span> <span class='ocrx_word' id='word_1_151' title='bbox 2157 1976 2281 2023; x_wconf 87' lang='lat' dir='ltr'><strong>iun-</strong></span> 
     </span>
     <span class='ocr_line' id='line_1_20' title="bbox 536 2062 2274 2128; baseline 0.003 -19"><span class='ocrx_word' id='word_1_152' title='bbox 536 2066 695 2111; x_wconf 85' lang='lat' dir='ltr'><strong>xerat</strong></span> <span class='ocrx_word' id='word_1_153' title='bbox 746 2064 1097 2111; x_wconf 78' lang='lat' dir='ltr'><strong>renuntiavit.</strong></span> <span class='ocrx_word' id='word_1_154' title='bbox 1182 2064 1474 2113; x_wconf 83' lang='lat' dir='ltr'><strong>Masinissa</strong></span> <span class='ocrx_word' id='word_1_155' title='bbox 1528 2076 1628 2112; x_wconf 81' lang='lat' dir='ltr'><strong>rex</strong></span> <span class='ocrx_word' id='word_1_156' title='bbox 1672 2062 2100 2128; x_wconf 83' lang='lat' dir='ltr'><strong>Massyliorum,</strong></span> <span class='ocrx_word' id='word_1_157' title='bbox 2153 2064 2274 2115; x_wconf 85' lang='lat' dir='ltr'><strong>dum</strong></span> 
     </span>
     <span class='ocr_line' id='line_1_21' title="bbox 462 2150 2280 2216; baseline 0.001 -17"><span class='ocrx_word' id='word_1_158' title='bbox 462 2158 637 2210; x_wconf 82' lang='lat' dir='ltr'><strong>20pro</strong></span> <span class='ocrx_word' id='word_1_159' title='bbox 682 2150 1221 2213; x_wconf 80' lang='lat' dir='ltr'><strong>Karthaginiensibus</strong></span> <span class='ocrx_word' id='word_1_160' title='bbox 1262 2153 1316 2199; x_wconf 85' lang='lat' dir='ltr'><strong>in</strong></span> <span class='ocrx_word' id='word_1_161' title='bbox 1360 2154 1620 2213; x_wconf 83' lang='lat' dir='ltr'><strong>Hispania</strong></span> <span class='ocrx_word' id='word_1_162' title='bbox 1657 2152 1888 2216; x_wconf 84' lang='lat' dir='ltr'><strong>militat,</strong></span> <span class='ocrx_word' id='word_1_163' title='bbox 1933 2153 2140 2203; x_wconf 83' lang='lat' dir='ltr'><strong>amisso</strong></span> <span class='ocrx_word' id='word_1_164' title='bbox 2181 2165 2280 2214; x_wconf 85' lang='lat' dir='ltr'><strong>pa-</strong></span> 
     </span>
     <span class='ocr_line' id='line_1_22' title="bbox 538 2236 2281 2303; baseline 0.001 -16"><span class='ocrx_word' id='word_1_165' title='bbox 538 2244 623 2289; x_wconf 88' lang='lat' dir='ltr'><strong>tre</strong></span> <span class='ocrx_word' id='word_1_166' title='bbox 662 2236 805 2289; x_wconf 74' lang='lat' dir='ltr'><strong>Gala</strong></span> <span class='ocrx_word' id='word_1_167' title='bbox 856 2240 921 2287; x_wconf 82' lang='lat' dir='ltr'><strong>de</strong></span> <span class='ocrx_word' id='word_1_168' title='bbox 972 2250 1146 2303; x_wconf 81' lang='lat' dir='ltr'><strong>regno</strong></span> <span class='ocrx_word' id='word_1_169' title='bbox 1195 2242 1492 2290; x_wconf 77' lang='lat' dir='ltr'><strong>exciderat.</strong></span> <span class='ocrx_word' id='word_1_170' title='bbox 1565 2238 1686 2303; x_wconf 82' lang='lat' dir='ltr'><strong>Quo</strong></span> <span class='ocrx_word' id='word_1_171' title='bbox 1725 2254 1824 2302; x_wconf 85' lang='lat' dir='ltr'><strong>per</strong></span> <span class='ocrx_word' id='word_1_172' title='bbox 1861 2240 2066 2290; x_wconf 85' lang='lat' dir='ltr'><strong>bellum</strong></span> <span class='ocrx_word' id='word_1_173' title='bbox 2115 2254 2281 2303; x_wconf 85' lang='lat' dir='ltr'><strong>saepe</strong></span> 
     </span>
     <span class='ocr_line' id='line_1_23' title="bbox 536 2326 2283 2393; baseline 0.001 -16"><span class='ocrx_word' id='word_1_174' title='bbox 536 2328 801 2389; x_wconf 82' lang='lat' dir='ltr'><strong>repetito,</strong></span> <span class='ocrx_word' id='word_1_175' title='bbox 852 2326 1059 2388; x_wconf 82' lang='lat' dir='ltr'><strong>aliquot</strong></span> <span class='ocrx_word' id='word_1_176' title='bbox 1107 2329 1331 2390; x_wconf 86' lang='lat' dir='ltr'><strong>proeliis</strong></span> <span class='ocrx_word' id='word_1_177' title='bbox 1373 2343 1406 2378; x_wconf 86' lang='lat' dir='ltr'><strong>a</strong></span> <span class='ocrx_word' id='word_1_178' title='bbox 1451 2331 1708 2392; x_wconf 81' lang='lat' dir='ltr'><strong>Syphace</strong></span> <span class='ocrx_word' id='word_1_179' title='bbox 1757 2340 1890 2393; x_wconf 83' lang='lat' dir='ltr'><strong>rege</strong></span> <span class='ocrx_word' id='word_1_180' title='bbox 1929 2329 2283 2393; x_wconf 77' lang='lat' dir='ltr'><strong>Masaesylo-</strong></span> 
     </span>
     <span class='ocr_line' id='line_1_24' title="bbox 534 2417 2281 2481; baseline -0.001 -14"><span class='ocrx_word' id='word_1_181' title='bbox 534 2430 651 2467; x_wconf 85' lang='lat' dir='ltr'><strong>rum</strong></span> <span class='ocrx_word' id='word_1_182' title='bbox 688 2420 865 2467; x_wconf 77' lang='lat' dir='ltr'><strong>victus</strong></span> <span class='ocrx_word' id='word_1_183' title='bbox 901 2417 955 2465; x_wconf 85' lang='lat' dir='ltr'><strong>in</strong></span> <span class='ocrx_word' id='word_1_184' title='bbox 990 2421 1159 2467; x_wconf 81' lang='lat' dir='ltr'><strong>totum</strong></span> <span class='ocrx_word' id='word_1_185' title='bbox 1187 2421 1432 2481; x_wconf 78' lang='lat' dir='ltr'><strong>privatus</strong></span> <span class='ocrx_word' id='word_1_186' title='bbox 1463 2424 1550 2469; x_wconf 80' lang='lat' dir='ltr'><strong>est</strong></span> <span class='ocrx_word' id='word_1_187' title='bbox 1562 2434 1579 2481; x_wconf 91' lang='lat'>;</span> <span class='ocrx_word' id='word_1_188' title='bbox 1619 2423 1674 2468; x_wconf 84' lang='lat' dir='ltr'><strong>et</strong></span> <span class='ocrx_word' id='word_1_189' title='bbox 1699 2430 1818 2469; x_wconf 87' lang='lat' dir='ltr'><strong>cum</strong></span> <span class='ocrx_word' id='word_1_190' title='bbox 1843 2418 2100 2467; x_wconf 80' lang='lat' dir='ltr'><strong>ducentis</strong></span> <span class='ocrx_word' id='word_1_191' title='bbox 2126 2420 2281 2480; x_wconf 83' lang='lat' dir='ltr'><strong>equi-</strong></span> 
     </span>
     <span class='ocr_line' id='line_1_25' title="bbox 538 2506 2282 2573; baseline -0.001 -16"><span class='ocrx_word' id='word_1_192' title='bbox 538 2507 679 2557; x_wconf 75' lang='lat' dir='ltr'><strong>tibus</strong></span> <span class='ocrx_word' id='word_1_193' title='bbox 720 2506 875 2558; x_wconf 84' lang='lat' dir='ltr'><strong>exsul</strong></span> <span class='ocrx_word' id='word_1_194' title='bbox 914 2507 1157 2568; x_wconf 86' lang='lat' dir='ltr'><strong>Scipioni</strong></span> <span class='ocrx_word' id='word_1_195' title='bbox 1194 2520 1257 2557; x_wconf 83' lang='lat' dir='ltr'><strong>se</strong></span> <span class='ocrx_word' id='word_1_196' title='bbox 1297 2509 1492 2573; x_wconf 78' lang='lat' dir='ltr'><strong>iunxit,</strong></span> <span class='ocrx_word' id='word_1_197' title='bbox 1530 2512 1586 2557; x_wconf 86' lang='lat' dir='ltr'><strong>et</strong></span> <span class='ocrx_word' id='word_1_198' title='bbox 1621 2520 1740 2557; x_wconf 86' lang='lat' dir='ltr'><strong>cum</strong></span> <span class='ocrx_word' id='word_1_199' title='bbox 1778 2520 1843 2557; x_wconf 88' lang='lat' dir='ltr'><strong>eo</strong></span> <span class='ocrx_word' id='word_1_200' title='bbox 1881 2508 2056 2569; x_wconf 79' lang='lat' dir='ltr'><strong>primo</strong></span> <span class='ocrx_word' id='word_1_201' title='bbox 2094 2510 2282 2557; x_wconf 85' lang='lat' dir='ltr'><strong>statim</strong></span> 
     </span>
     <span class='ocr_line' id='line_1_26' title="bbox 460 2578 2282 2658; baseline 0.001 -14"><span class='ocrx_word' id='word_1_202' title='bbox 460 2578 683 2653; x_wconf 65' lang='lat' dir='ltr'><strong>25hello</strong></span> <span class='ocrx_word' id='word_1_203' title='bbox 746 2598 1062 2645; x_wconf 82' lang='lat' dir='ltr'><strong>Hannonem</strong></span> <span class='ocrx_word' id='word_1_204' title='bbox 1110 2596 1438 2645; x_wconf 82' lang='lat' dir='ltr'><strong>Hamilcaris</strong></span> <span class='ocrx_word' id='word_1_205' title='bbox 1495 2596 1662 2645; x_wconf 82' lang='lat' dir='ltr'><strong>filium</strong></span> <span class='ocrx_word' id='word_1_206' title='bbox 1717 2610 1836 2647; x_wconf 88' lang='lat' dir='ltr'><strong>cum</strong></span> <span class='ocrx_word' id='word_1_207' title='bbox 1887 2595 2070 2658; x_wconf 84' lang='lat' dir='ltr'><strong>ampla</strong></span> <span class='ocrx_word' id='word_1_208' title='bbox 2119 2608 2282 2647; x_wconf 83' lang='lat' dir='ltr'><strong>manu</strong></span> 
     </span>
     <span class='ocr_line' id='line_1_27' title="bbox 535 2684 2281 2758; baseline -0.001 -25"><span class='ocrx_word' id='word_1_209' title='bbox 535 2686 819 2735; x_wconf 87' lang='lat' dir='ltr'><strong>interemit.</strong></span> <span class='ocrx_word' id='word_1_210' title='bbox 890 2685 1079 2746; x_wconf 80' lang='lat' dir='ltr'><strong>Scipio</strong></span> <span class='ocrx_word' id='word_1_211' title='bbox 1112 2684 1348 2758; x_wconf 72' lang='lat' dir='ltr'><strong>adventu</strong></span> <span class='ocrx_word' id='word_1_212' title='bbox 1377 2685 1730 2735; x_wconf 77' lang='lat' dir='ltr'><strong>Hasdrubalis</strong></span> <span class='ocrx_word' id='word_1_213' title='bbox 1768 2689 1824 2735; x_wconf 88' lang='lat' dir='ltr'><strong>et</strong></span> <span class='ocrx_word' id='word_1_214' title='bbox 1851 2686 2143 2750; x_wconf 70' lang='lat' dir='ltr'><strong>Syphacis,</strong></span> <span class='ocrx_word' id='word_1_215' title='bbox 2189 2687 2281 2748; x_wconf 82' lang='lat' dir='ltr'><strong>qui</strong></span> 
     </span>
     <span class='ocr_line' id='line_1_28' title="bbox 534 2774 2281 2837; baseline 0.001 -14"><span class='ocrx_word' id='word_1_216' title='bbox 534 2787 701 2836; x_wconf 87' lang='lat' dir='ltr'><strong>prope</strong></span> <span class='ocrx_word' id='word_1_217' title='bbox 738 2786 857 2823; x_wconf 87' lang='lat' dir='ltr'><strong>cum</strong></span> <span class='ocrx_word' id='word_1_218' title='bbox 896 2780 1116 2825; x_wconf 84' lang='lat' dir='ltr'><strong>centum</strong></span> <span class='ocrx_word' id='word_1_219' title='bbox 1154 2774 1368 2823; x_wconf 85' lang='lat' dir='ltr'><strong>milibus</strong></span> <span class='ocrx_word' id='word_1_220' title='bbox 1394 2776 1724 2825; x_wconf 81' lang='lat' dir='ltr'><strong>armatorum</strong></span> <span class='ocrx_word' id='word_1_221' title='bbox 1759 2779 2040 2837; x_wconf 87' lang='lat' dir='ltr'><strong>venerant,</strong></span> <span class='ocrx_word' id='word_1_222' title='bbox 2077 2775 2147 2823; x_wconf 86' lang='lat' dir='ltr'><strong>ab</strong></span> <span class='ocrx_word' id='word_1_223' title='bbox 2183 2777 2281 2824; x_wconf 83' lang='lat' dir='ltr'><strong>ob·</strong></span> 
     </span>
     <span class='ocr_line' id='line_1_29' title="bbox 534 2862 2281 2925; baseline 0.001 -15"><span class='ocrx_word' id='word_1_224' title='bbox 534 2862 745 2911; x_wconf 83' lang='lat' dir='ltr'><strong>sidione</strong></span> <span class='ocrx_word' id='word_1_225' title='bbox 778 2864 973 2913; x_wconf 83' lang='lat' dir='ltr'><strong>Uticae</strong></span> <span class='ocrx_word' id='word_1_226' title='bbox 1010 2862 1268 2925; x_wconf 84' lang='lat' dir='ltr'><strong>depulsus</strong></span> <span class='ocrx_word' id='word_1_227' title='bbox 1309 2865 1534 2913; x_wconf 81' lang='lat' dir='ltr'><strong>hiberna</strong></span> <span class='ocrx_word' id='word_1_228' title='bbox 1572 2864 1946 2913; x_wconf 81' lang='lat' dir='ltr'><strong>communivit.</strong></span> <span class='ocrx_word' id='word_1_229' title='bbox 2019 2863 2281 2925; x_wconf 83' lang='lat' dir='ltr'><strong>Sempro-</strong></span> 
     </span>
     <span class='ocr_line' id='line_1_30' title="bbox 536 2950 2281 3015; baseline 0.002 -18"><span class='ocrx_word' id='word_1_230' title='bbox 536 2950 659 2997; x_wconf 88' lang='lat' dir='ltr'><strong>nius</strong></span> <span class='ocrx_word' id='word_1_231' title='bbox 694 2950 885 2999; x_wconf 74' lang='lat' dir='ltr'><strong>consul</strong></span> <span class='ocrx_word' id='word_1_232' title='bbox 924 2952 981 3003; x_wconf 86' lang='lat' dir='ltr'><strong>in</strong></span> <span class='ocrx_word' id='word_1_233' title='bbox 1014 2961 1149 3014; x_wconf 84' lang='lat' dir='ltr'><strong>agro</strong></span> <span class='ocrx_word' id='word_1_234' title='bbox 1172 2950 1520 3001; x_wconf 76' lang='lat' dir='ltr'><strong>Crotoniensi</strong></span> <span class='ocrx_word' id='word_1_235' title='bbox 1551 2962 1808 3015; x_wconf 84' lang='lat' dir='ltr'><strong>prospere</strong></span> <span class='ocrx_word' id='word_1_236' title='bbox 1835 2952 2102 3001; x_wconf 74' lang='lat' dir='ltr'><strong>adversus</strong></span> <span class='ocrx_word' id='word_1_237' title='bbox 2129 2953 2281 3003; x_wconf 79' lang='lat' dir='ltr'><strong>Han-</strong></span> 
     </span>
     <span class='ocr_line' id='line_1_31' title="bbox 460 3036 2273 3101; baseline 0.004 -17"><span class='ocrx_word' id='word_1_238' title='bbox 460 3036 771 3096; x_wconf 78' lang='lat' dir='ltr'><strong>3011ibalem</strong></span> <span class='ocrx_word' id='word_1_239' title='bbox 808 3042 1091 3101; x_wconf 76' lang='lat' dir='ltr'><strong>pugnavit.</strong></span> <span class='ocrx_word' id='word_1_240' title='bbox 1166 3042 1421 3091; x_wconf 83' lang='lat' dir='ltr'><strong>Lustrum</strong></span> <span class='ocrx_word' id='word_1_241' title='bbox 1451 3054 1486 3090; x_wconf 85' lang='lat' dir='ltr'><strong>a</strong></span> <span class='ocrx_word' id='word_1_242' title='bbox 1511 3042 1825 3091; x_wconf 81' lang='lat' dir='ltr'><strong>censoribus</strong></span> <span class='ocrx_word' id='word_1_243' title='bbox 1859 3041 2134 3091; x_wconf 80' lang='lat' dir='ltr'><strong>conditum</strong></span> <span class='ocrx_word' id='word_1_244' title='bbox 2159 3046 2273 3091; x_wconf 77' lang='lat' dir='ltr'><strong>est:</strong></span> 
     </span>
     <span class='ocr_line' id='line_1_32' title="bbox 537 3130 2275 3193; baseline 0.003 -20"><span class='ocrx_word' id='word_1_245' title='bbox 537 3138 705 3178; x_wconf 82' lang='lat' dir='ltr'><strong>censa</strong></span> <span class='ocrx_word' id='word_1_246' title='bbox 738 3131 865 3177; x_wconf 82' lang='lat' dir='ltr'><strong>sunt</strong></span> <span class='ocrx_word' id='word_1_247' title='bbox 902 3131 1099 3179; x_wconf 86' lang='lat' dir='ltr'><strong>civium</strong></span> <span class='ocrx_word' id='word_1_248' title='bbox 1136 3132 1320 3192; x_wconf 80' lang='lat' dir='ltr'><strong>capita</strong></span> <span class='ocrx_word' id='word_1_249' title='bbox 1355 3132 1590 3182; x_wconf 79' lang='lat' dir='ltr'><strong>ducenta</strong></span> <span class='ocrx_word' id='word_1_250' title='bbox 1631 3130 2061 3193; x_wconf 82' lang='lat' dir='ltr'><strong>quattuordecim</strong></span> <span class='ocrx_word' id='word_1_251' title='bbox 2106 3130 2275 3179; x_wconf 81' lang='lat' dir='ltr'><strong>milia.</strong></span> 
     </span>
     <span class='ocr_line' id='line_1_33' title="bbox 536 3217 2275 3279; baseline 0.003 -16"><span class='ocrx_word' id='word_1_252' title='bbox 536 3217 687 3264; x_wconf 76' lang='lat' dir='ltr'><strong>Inter</strong></span> <span class='ocrx_word' id='word_1_253' title='bbox 724 3226 1007 3279; x_wconf 87' lang='lat' dir='ltr'><strong>censores,</strong></span> <span class='ocrx_word' id='word_1_254' title='bbox 1058 3222 1129 3268; x_wconf 88' lang='grc' dir='ltr'><strong>Μ.</strong></span> <span class='ocrx_word' id='word_1_255' title='bbox 1169 3220 1381 3268; x_wconf 85' lang='lat' dir='ltr'><strong>Livium</strong></span> <span class='ocrx_word' id='word_1_256' title='bbox 1419 3224 1474 3269; x_wconf 88' lang='lat' dir='ltr'><strong>et</strong></span> <span class='ocrx_word' id='word_1_257' title='bbox 1511 3217 1794 3269; x_wconf 85' lang='lat' dir='ltr'><strong>Claudium</strong></span> <span class='ocrx_word' id='word_1_258' title='bbox 1829 3218 2133 3279; x_wconf 81' lang='lat' dir='ltr'><strong>Neronem,</strong></span> <span class='ocrx_word' id='word_1_259' title='bbox 2175 3231 2275 3269; x_wconf 87' lang='lat' dir='ltr'><strong>no-</strong></span> 
     </span>
     <span class='ocr_line' id='line_1_34' title="bbox 483 3288 2274 3373; baseline 0.002 -18"><span class='ocrx_word' id='word_1_260' title='bbox 483 3288 486 3295; x_wconf 81' lang='grc'><em>“</em></span> <span class='ocrx_word' id='word_1_261' title='bbox 536 3302 723 3360; x_wconf 63' lang='lat' dir='ltr'><strong>taihun</strong></span> <span class='ocrx_word' id='word_1_262' title='bbox 758 3302 1031 3355; x_wconf 70' lang='lat' dir='ltr'><strong>discordia</strong></span> <span class='ocrx_word' id='word_1_263' title='bbox 1068 3306 1184 3357; x_wconf 71' lang='lat' dir='ltr'><strong>fuit.</strong></span> <span class='ocrx_word' id='word_1_264' title='bbox 1254 3308 1392 3357; x_wconf 75' lang='lat' dir='ltr'><strong>Nam</strong></span> <span class='ocrx_word' id='word_1_265' title='bbox 1427 3313 1486 3359; x_wconf 76' lang='lat' dir='ltr'><strong>et</strong></span> <span class='ocrx_word' id='word_1_266' title='bbox 1519 3307 1780 3359; x_wconf 71' lang='lat' dir='ltr'><strong>claudius</strong></span> <span class='ocrx_word' id='word_1_267' title='bbox 1817 3306 1979 3358; x_wconf 67' lang='lat' dir='ltr'><strong>Livio</strong></span> <span class='ocrx_word' id='word_1_268' title='bbox 2017 3306 2274 3373; x_wconf 69' lang='lat' dir='ltr'><strong>collegae</strong></span> 
     </span>
    </p>
   </div>
   <div class='ocr_carea' id='block_1_3' title="bbox 2468 1647 2476 2621">
    <p class='ocr_par' dir='ltr' id='par_1_3' title="bbox 2468 1647 2476 2621">
     <span class='ocr_line' id='line_1_35' title="bbox 2468 1647 2476 2621; baseline 0 0"><span class='ocrx_word' id='word_1_269' title='bbox 2468 1647 2476 2621; x_wconf 95' lang='lat' dir='ltr'><strong> </strong></span> 
     </span>
    </p>
   </div>
  </div>
 </body>
</html>
