2525 3925
612 357 905 408 BEBLUM
938 355 1456 410 IUGUR'rmNUM.
1819 361 1901 414 ³89

159 501 355 564 paucis
404 502 584 553 carior
632 501 764 552 tides
816 515 980 565 quam
1028 506 1259 565 pecunia
1309 506 1428 555 fuit.
1499 505 1562 554 1n
1616 507 1900 569 divisione,

166 603 309 654 quae
349 602 479 651 pars
511 590 795 640 Numidiae
830 593 1223 642 Mauretaniam
1260 593 1521 656 adtingit,
1560 606 1696 656 agro
1736 597 1902 646 viris-

162 691 269 742 que
294 678 625 743 opulentior,
663 681 955 742 Iugurthae
979 660 1237 730 traditur:
1271 680 1423 730 illam
1453 680 1683 731 alteram
1717 685 1902 744 specie

161 780 325 830 quam
364 779 465 818 usu
502 768 789 832 potiorem,
826 780 965 829 quae
1001 769 1310 829 portuosior
1345 770 1401 818 et
1433 767 1697 818 aediliciis
1728 773 1901 838 magis

162 860 433 908 exornata
468 858 619 918 erat,
655 855 931 906 Adherbal
971 854 1229 917 possedit.
1913 863 1945 914 5

270 943 355 992 17.
407 942 517 992 Res
559 942 839 1004 postulare
872 943 1089 994 videtur
1120 944 1347 995 Africae
1383 945 1546 994 situm
1580 947 1770 1007 paucis
1809 957 1908 994 ex·-

172 1044 379 1094 ponere
414 1035 470 1080 et
506 1043 600 1080 eas
637 1034 835 1098 gentis,
871 1033 1185 1094 quibuscum
1216 1033 1374 1084 nobis
1407 1032 1610 1084 bellum
1643 1038 1740 1084 aut
1771 1037 1911 1086 ami-

167 1122 303 1170 citia
356 1119 491 1186 fuit,
548 1119 849 1182 adtingere.
918 1119 1027 1169 Sed
1077 1132 1216 1182 quae
1266 1119 1390 1176 loca
1437 1123 1492 1170 et
1539 1123 1789 1172 nationes
1839 1125 1908 1174 ob

170 1208 411 1260 calorem
448 1213 545 1258 aut
586 1209 965 1270 asperitatem,
1017 1208 1147 1257 item
1192 1207 1516 1258 solitudines
1565 1211 1745 1259 minus
1793 1194 1909 1260 fre-

174 1299 432 1358 quentata
485 1298 645 1362 sunt,
697 1297 763 1343 de
809 1297 857 1344 is
910 1293 1050 1344 baud
1102 1296 1268 1346 facile
1325 1301 1664 1360 compertum
1711 1305 1986 1356 narra-10

168 1386 339 1432 verim
354 1399 375 1447 3
412 1389 597 1435 cetera
622 1395 781 1444 qnam
818 1383 1180 1444 paucissumis
1216 1383 1512 1436 absolvam.
1557 1385 1620 1434 In
1645 1387 1912 1436 divisione

168 1473 322 1540 orbis
358 1476 539 1522 terrae
566 1470 819 1534 plerique
840 1472 897 1519 in
923 1474 1129 1534 partem
1156 1473 1376 1522 tertiam
1399 1473 1644 1523 Africam
1665 1485 1914 1536 posuere,

169 1565 331 1622 pauci
369 1561 744 1610 tantummodo
779 1560 969 1608 Asiam
1004 1564 1061 1610 et
1094 1559 1372 1623 Europam
1407 1573 1574 1624 esse,
1623 1561 1720 1612 scd
1757 1562 1914 1612 Afri-

169 1660 291 1698 cam
343 1650 403 1698 in
451 1647 683 1711 Europa.
752 1646 835 1696 Ea
880 1646 1002 1698 linis
1050 1647 1215 1698 habet
1262 1651 1332 1700 ab
1383 1649 1664 1698 occidente
1708 1649 1912 1714 fretum

144 1737 349 1798 ¹nostri
385 1738 647 1786 maris-et
684 1735 923 1801 Oceani,
970 1737 1037 1785 ab
1074 1739 1198 1786 ortu
1230 1737 1369 1787 solis
1410 1737 1682 1786 declivem
1718 1737 1908 1786 latitu-
1926 1745 1988 1796 15

173 1827 386 1890 dinem,
454 1836 610 1888 quem
665 1823 848 1874 locum
900 1824 1294 1873 Katabathmon
1349 1825 1564 1874 incolae
1621 1824 1913 1886 adpellant.

172 1917 330 1967 Mare
368 1924 617 1978 saevom,
652 1914 1047 1977 inportuosum,
1078 1923 1214 1975 ager
1246 1913 1469 1975 frugum
1493 1912 1713 1975 fertilis,
1744 1913 1916 1963 bonus

176 2003 385 2066 pecori,
422 2001 618 2052 arbore
648 2001 985 2062 infecundus,
1026 2000 1183 2051 caelo
1208 2002 1466 2063 terraque
1488 2001 1720 2063 penuria
1743 2012 1918 2063 aqua-

174 2103 315 2141 rum.
390 2090 577 2139 Genus
612 2088 893 2139 bominum
924 2088 1131 2139 salubri
1168 2100 1430 2151 corpore,
1466 2089 1662 2150 velox,
1707 2091 1918 2151 patiens

174 2179 456 2241 laborum3
513 2176 806 2239 plerosque
850 2180 1104 2227 senectus
1154 2176 1437 2242 dissolvit,
1491 2178 1599 2226 nisi
1635 2179 1728 2239 qui
1766 2178 1916 2227 ferro
1931 2190 1997 2239 20

179 2271 273 2315 aut
309 2266 500 2317 bestiis
544 2266 836 2337 interiere3
890 2276 1019 2313 nam
1070 2268 1294 2315 morbus
1343 2265 1480 2315 baud
1527 2276 1692 2327 saepe
1730 2276 1924 2328 quem-

178 2366 342 2417 qnam
390 2358 647 2417 superat3
704 2351 774 2401 ad
820 2352 923 2401 hoc
964 2353 1200 2403 malefici
1236 2354 1460 2417 generis
1508 2354 1762 2415 pluruma
1802 2354 1925 2402 ani-

175 2442 364 2492 malia.
418 2441 526 2491 Sed
562 2442 657 2503 qui
692 2440 957 2491 mortales
990 2443 1147 2490 initio
1180 2440 1430 2491 Africam
1463 2442 1767 2505 habuerint,
1803 2444 1926 2505 qui-

175 2544 285 2594 que
328 2532 521 2593 postea
555 2529 919 2593 accesserint,
959 2533 1055 2578 aut
1094 2528 1366 2591 quomodo
1399 2530 1546 2582 inter
1579 2542 1640 2579 se
1677 2530 1928 2592 permixti

170 2623 319 2685 sint,
370 2629 705 2681 quamquam
740 2620 809 2669 ab
849 2630 917 2667 ea
952 2617 1129 2684 fama,
1182 2628 1321 2680 quae
1362 2616 1653 2679 plerosque
1700 2618 1924 2679 obtinet,
1935 2632 2002 2683 25

171 2711 466 2759 divorsum
513 2710 627 2771 est,
680 2709 863 2757 tamen
908 2707 989 2756 nti
1034 2718 1101 2756 ex
1144 2704 1306 2755 libris
1339 2705 1587 2772 Punicis,
1639 2708 1734 2767 qui
1779 2707 1929 2767 regis

172 2794 513 2859 Hiempsalis
550 2794 903 2857 dicebantur,
938 2796 1358 2855 interpretatum
1395 2794 1553 2843 nobis
1589 2796 1707 2859 est,
1743 2794 1932 2855 utique

172 2900 291 2937 rem
350 2894 476 2935 sese
527 2884 727 2933 babere
788 2881 1027 2931 cultores
1080 2883 1199 2931 eius
1250 2884 1434 2933 terrae
1486 2884 1708 2945 putant,
1765 2892 1931 2943 quam

171 2971 547 3041 paucissumis
574 2970 771 3023 dicam.
822 2968 1077 3021 Ceterum
1099 2969 1232 3020 fides
1266 2972 1396 3037 eius·
1419 2971 1500 3023 rei
1537 2980 1704 3033 penes
1735 2974 1934 3021 ancto-

172 3078 267 3115 res
310 3063 433 3111 erit.
1943 3070 2013 3122 30

278 3208 323 3247 ί.
353 3204 653 3244 Mauritaniam
678 3202 725 3241 V.
759 3226 803 3235 -
854 3202 918 3243 10.
946 3203 997 3241 ds
1019 3204 1073 3241 iis
1098 3202 1148 3241 V.
1177 3202 1227 3241 ds
1253 3202 1319 3242 lu's
1342 3203 1393 3243 G.
1423 3223 1468 3234 -
1521 3202 1582 3242 u.
1611 3203 1656 3241 in
1673 3206 1793 3252 pares
1817 3202 1936 3241 aaa·

172 3278 226 3318 V.
260 3277 321 3316 θ.
354 3296 401 3303 -
454 3274 513 3311 18.
540 3270 674 3311 arbore·
699 3270 852 3311 Fronto
876 3271 952 3310 nd.
978 3271 1096 3311 Rom.
1126 3284 1165 3323 p.
1200 3270 1287 3312 163.
1323 3294 1368 3303 -
1416 3269 1480 3311 Ι).
1517 3268 1666 3311 labor-'0
1690 3270 1860 3309 Fronto.
1891 3290 1938 3301 —

170 3347 270 3386 Nee
290 3342 511 3397 plo-osque
534 3340 703 3381 Fronto.
