<?xml version="1.0" encoding="UTF-8"?>
<!DOCTYPE html PUBLIC "-//W3C//DTD XHTML 1.0 Transitional//EN"
    "http://www.w3.org/TR/xhtml1/DTD/xhtml1-transitional.dtd">
<html xmlns="http://www.w3.org/1999/xhtml" xml:lang="en" lang="en">
 <head>
  <title>
</title>
<meta http-equiv="Content-Type" content="text/html;charset=utf-8" />
  <meta name='ocr-system' content='tesseract 3.04.00' />
  <meta name='ocr-capabilities' content='ocr_page ocr_carea ocr_par ocr_line ocrx_word'/>
</head>
<body>
  <div class='ocr_page' id='page_1' title='image "./catilinaetiugur00livygoog_0035.png"; bbox 0 0 2525 3925; ppageno 0'>
   <div class='ocr_carea' id='block_1_1' title="bbox 892 307 1944 368">
    <p class='ocr_par' dir='ltr' id='par_1_1' title="bbox 892 307 1944 368">
     <span class='ocr_line' id='line_1_1' title="bbox 892 307 1944 368; baseline 0.004 -6"><span class='ocrx_word' id='word_1_1' title='bbox 892 307 1253 364; x_wconf 76' lang='lat' dir='ltr'><strong>GA&#39;rmmA.</strong></span> <span class='ocrx_word' id='word_1_2' title='bbox 1877 316 1944 368; x_wconf 71' lang='lat'><strong>1⁰</strong></span> 
     </span>
    </p>
   </div>
   <div class='ocr_carea' id='block_1_2' title="bbox 188 457 2028 3092">
    <p class='ocr_par' dir='ltr' id='par_1_2' title="bbox 188 457 2028 3092">
     <span class='ocr_line' id='line_1_2' title="bbox 188 457 1946 529; baseline 0.003 -23"><span class='ocrx_word' id='word_1_3' title='bbox 188 467 519 519; x_wconf 79' lang='lat' dir='ltr'><strong>proxumum</strong></span> <span class='ocrx_word' id='word_1_4' title='bbox 555 465 751 508; x_wconf 83' lang='lat' dir='ltr'><strong>annum</strong></span> <span class='ocrx_word' id='word_1_5' title='bbox 786 457 1127 510; x_wconf 71' lang='lat' dir='ltr'><strong>consulatum</strong></span> <span class='ocrx_word' id='word_1_6' title='bbox 1161 460 1410 525; x_wconf 82' lang='lat' dir='ltr'><strong>petebat,</strong></span> <span class='ocrx_word' id='word_1_7' title='bbox 1459 471 1719 529; x_wconf 72' lang='lat' dir='ltr'><strong>sperans,</strong></span> <span class='ocrx_word' id='word_1_8' title='bbox 1767 462 1816 510; x_wconf 87' lang='lat' dir='ltr'><strong>si</strong></span> <span class='ocrx_word' id='word_1_9' title='bbox 1847 461 1946 512; x_wconf 86' lang='lat' dir='ltr'><strong>de-</strong></span> 
     </span>
     <span class='ocr_line' id='line_1_3' title="bbox 190 545 1944 609; baseline 0.003 -14"><span class='ocrx_word' id='word_1_10' title='bbox 190 547 452 609; x_wconf 82' lang='lat' dir='ltr'><strong>signatus</strong></span> <span class='ocrx_word' id='word_1_11' title='bbox 492 545 662 609; x_wconf 79' lang='lat' dir='ltr'><strong>foret,</strong></span> <span class='ocrx_word' id='word_1_12' title='bbox 708 546 877 597; x_wconf 80' lang='lat' dir='ltr'><strong>facile</strong></span> <span class='ocrx_word' id='word_1_13' title='bbox 909 561 971 598; x_wconf 82' lang='lat' dir='ltr'><strong>se</strong></span> <span class='ocrx_word' id='word_1_14' title='bbox 1010 561 1077 598; x_wconf 87' lang='lat' dir='ltr'><strong>ex</strong></span> <span class='ocrx_word' id='word_1_15' title='bbox 1112 548 1395 598; x_wconf 82' lang='lat' dir='ltr'><strong>voluntate</strong></span> <span class='ocrx_word' id='word_1_16' title='bbox 1431 550 1670 600; x_wconf 84' lang='lat' dir='ltr'><strong>Antonio</strong></span> <span class='ocrx_word' id='word_1_17' title='bbox 1707 562 1944 602; x_wconf 86' lang='lat' dir='ltr'><strong>usurum.</strong></span> 
     </span>
     <span class='ocr_line' id='line_1_4' title="bbox 188 634 1944 698; baseline 0.003 -15"><span class='ocrx_word' id='word_1_18' title='bbox 188 635 392 696; x_wconf 85' lang='lat' dir='ltr'><strong>Neque</strong></span> <span class='ocrx_word' id='word_1_19' title='bbox 426 634 641 682; x_wconf 83' lang='lat' dir='ltr'><strong>interea</strong></span> <span class='ocrx_word' id='word_1_20' title='bbox 669 636 881 696; x_wconf 86' lang='lat' dir='ltr'><strong>quietus</strong></span> <span class='ocrx_word' id='word_1_21' title='bbox 916 637 1067 698; x_wconf 81' lang='lat' dir='ltr'><strong>erat,</strong></span> <span class='ocrx_word' id='word_1_22' title='bbox 1102 638 1196 686; x_wconf 90' lang='lat' dir='ltr'><strong>sed</strong></span> <span class='ocrx_word' id='word_1_23' title='bbox 1231 638 1476 689; x_wconf 89' lang='lat' dir='ltr'><strong>omnibus</strong></span> <span class='ocrx_word' id='word_1_24' title='bbox 1511 639 1683 688; x_wconf 88' lang='lat' dir='ltr'><strong>modis</strong></span> <span class='ocrx_word' id='word_1_25' title='bbox 1717 638 1944 689; x_wconf 78' lang='lat' dir='ltr'><strong>insidias</strong></span> 
     </span>
     <span class='ocr_line' id='line_1_5' title="bbox 190 718 1944 786; baseline 0.003 -15"><span class='ocrx_word' id='word_1_26' title='bbox 190 724 434 784; x_wconf 85' lang='lat' dir='ltr'><strong>parabat</strong></span> <span class='ocrx_word' id='word_1_27' title='bbox 470 718 737 772; x_wconf 87' lang='lat' dir='ltr'><strong>Ciceroni.</strong></span> <span class='ocrx_word' id='word_1_28' title='bbox 795 723 987 786; x_wconf 81' lang='lat' dir='ltr'><strong>Neque</strong></span> <span class='ocrx_word' id='word_1_29' title='bbox 1024 726 1111 774; x_wconf 90' lang='lat' dir='ltr'><strong>illi</strong></span> <span class='ocrx_word' id='word_1_30' title='bbox 1151 728 1332 776; x_wconf 88' lang='lat' dir='ltr'><strong>tamen</strong></span> <span class='ocrx_word' id='word_1_31' title='bbox 1355 725 1426 774; x_wconf 86' lang='lat' dir='ltr'><strong>ad</strong></span> <span class='ocrx_word' id='word_1_32' title='bbox 1463 727 1762 776; x_wconf 86' lang='lat' dir='ltr'><strong>cavendum</strong></span> <span class='ocrx_word' id='word_1_33' title='bbox 1786 728 1944 778; x_wconf 80' lang='lat' dir='ltr'><strong>dolus</strong></span> 
     </span>
     <span class='ocr_line' id='line_1_6' title="bbox 190 811 1984 876; baseline 0.004 -15"><span class='ocrx_word' id='word_1_34' title='bbox 190 813 293 861; x_wconf 85' lang='lat' dir='ltr'><strong>aut</strong></span> <span class='ocrx_word' id='word_1_35' title='bbox 348 811 585 860; x_wconf 83' lang='lat' dir='ltr'><strong>astutiae</strong></span> <span class='ocrx_word' id='word_1_36' title='bbox 635 811 871 862; x_wconf 79' lang='lat' dir='ltr'><strong>deerant.</strong></span> <span class='ocrx_word' id='word_1_37' title='bbox 941 813 1189 875; x_wconf 79' lang='lat' dir='ltr'><strong>Namque</strong></span> <span class='ocrx_word' id='word_1_38' title='bbox 1228 827 1265 862; x_wconf 91' lang='lat' dir='ltr'><strong>a</strong></span> <span class='ocrx_word' id='word_1_39' title='bbox 1313 815 1580 876; x_wconf 88' lang='lat' dir='ltr'><strong>principio</strong></span> <span class='ocrx_word' id='word_1_40' title='bbox 1631 815 1984 868; x_wconf 80' lang='lat' dir='ltr'><strong>consulatus5</strong></span> 
     </span>
     <span class='ocr_line' id='line_1_7' title="bbox 192 897 1947 965; baseline 0.002 -16"><span class='ocrx_word' id='word_1_41' title='bbox 192 901 283 950; x_wconf 77' lang='lat' dir='ltr'><strong>sui</strong></span> <span class='ocrx_word' id='word_1_42' title='bbox 326 899 499 948; x_wconf 88' lang='lat' dir='ltr'><strong>multa</strong></span> <span class='ocrx_word' id='word_1_43' title='bbox 534 897 845 960; x_wconf 86' lang='lat' dir='ltr'><strong>pollicendo</strong></span> <span class='ocrx_word' id='word_1_44' title='bbox 883 913 982 963; x_wconf 91' lang='lat' dir='ltr'><strong>per</strong></span> <span class='ocrx_word' id='word_1_45' title='bbox 1012 902 1265 950; x_wconf 85' lang='lat' dir='ltr'><strong>Fulviam</strong></span> <span class='ocrx_word' id='word_1_46' title='bbox 1300 899 1590 965; x_wconf 83' lang='lat' dir='ltr'><strong>effecerat,</strong></span> <span class='ocrx_word' id='word_1_47' title='bbox 1644 905 1702 951; x_wconf 88' lang='lat' dir='ltr'><strong>ut</strong></span> <span class='ocrx_word' id='word_1_48' title='bbox 1735 898 1800 965; x_wconf 79' lang='grc' dir='ltr'><strong>Ω.</strong></span> <span class='ocrx_word' id='word_1_49' title='bbox 1834 900 1947 952; x_wconf 86' lang='lat' dir='ltr'><strong>Cu-</strong></span> 
     </span>
     <span class='ocr_line' id='line_1_8' title="bbox 194 986 1946 1056; baseline 0.001 -18"><span class='ocrx_word' id='word_1_50' title='bbox 194 990 321 1038; x_wconf 83' lang='lat' dir='ltr'><strong>rius</strong></span> <span class='ocrx_word' id='word_1_51' title='bbox 344 1021 360 1053; x_wconf 94' lang='lat'><strong>,</strong></span> <span class='ocrx_word' id='word_1_52' title='bbox 406 989 473 1036; x_wconf 88' lang='lat' dir='ltr'><strong>de</strong></span> <span class='ocrx_word' id='word_1_53' title='bbox 510 1000 617 1049; x_wconf 85' lang='lat' dir='ltr'><strong>quo</strong></span> <span class='ocrx_word' id='word_1_54' title='bbox 652 986 841 1050; x_wconf 87' lang='lat' dir='ltr'><strong>paullo</strong></span> <span class='ocrx_word' id='word_1_55' title='bbox 876 992 1003 1038; x_wconf 85' lang='lat' dir='ltr'><strong>ante</strong></span> <span class='ocrx_word' id='word_1_56' title='bbox 1040 992 1367 1056; x_wconf 81' lang='lat' dir='ltr'><strong>memoravi,</strong></span> <span class='ocrx_word' id='word_1_57' title='bbox 1409 989 1637 1040; x_wconf 83' lang='lat' dir='ltr'><strong>consilia</strong></span> <span class='ocrx_word' id='word_1_58' title='bbox 1673 987 1946 1040; x_wconf 77' lang='lat' dir='ltr'><strong>Catilinae</strong></span> 
     </span>
     <span class='ocr_line' id='line_1_9' title="bbox 194 1075 1946 1141; baseline 0.002 -17"><span class='ocrx_word' id='word_1_59' title='bbox 194 1077 306 1126; x_wconf 88' lang='lat' dir='ltr'><strong>sibi</strong></span> <span class='ocrx_word' id='word_1_60' title='bbox 331 1075 601 1136; x_wconf 77' lang='lat' dir='ltr'>proderet.</span> <span class='ocrx_word' id='word_1_61' title='bbox 654 1076 739 1126; x_wconf 81' lang='lat' dir='ltr'><strong>Ad</strong></span> <span class='ocrx_word' id='word_1_62' title='bbox 774 1076 875 1126; x_wconf 89' lang='lat' dir='ltr'><strong>hoc</strong></span> <span class='ocrx_word' id='word_1_63' title='bbox 908 1077 1175 1141; x_wconf 81' lang='lat' dir='ltr'><strong>collegam</strong></span> <span class='ocrx_word' id='word_1_64' title='bbox 1197 1091 1351 1128; x_wconf 88' lang='lat' dir='ltr'><strong>suum</strong></span> <span class='ocrx_word' id='word_1_65' title='bbox 1374 1079 1668 1129; x_wconf 85' lang='lat' dir='ltr'><strong>Antonium</strong></span> <span class='ocrx_word' id='word_1_66' title='bbox 1692 1079 1946 1141; x_wconf 81' lang='lat' dir='ltr'><strong>pactione</strong></span> 
     </span>
     <span class='ocr_line' id='line_1_10' title="bbox 196 1164 1942 1231; baseline 0.004 -20"><span class='ocrx_word' id='word_1_67' title='bbox 196 1165 523 1226; x_wconf 84' lang='lat' dir='ltr'><strong>provinciae</strong></span> <span class='ocrx_word' id='word_1_68' title='bbox 548 1164 886 1231; x_wconf 80' lang='lat' dir='ltr'><strong>perpulerat,</strong></span> <span class='ocrx_word' id='word_1_69' title='bbox 918 1179 989 1216; x_wconf 87' lang='lat' dir='ltr'><strong>ne</strong></span> <span class='ocrx_word' id='word_1_70' title='bbox 1026 1170 1221 1216; x_wconf 87' lang='lat' dir='ltr'><strong>contra</strong></span> <span class='ocrx_word' id='word_1_71' title='bbox 1242 1179 1355 1216; x_wconf 89' lang='lat' dir='ltr'><strong>rem</strong></span> <span class='ocrx_word' id='word_1_72' title='bbox 1381 1167 1652 1230; x_wconf 81' lang='lat' dir='ltr'><strong>publicam</strong></span> <span class='ocrx_word' id='word_1_73' title='bbox 1677 1169 1942 1230; x_wconf 81' lang='lat' dir='ltr'><strong>sentiret3</strong></span> 
     </span>
     <span class='ocr_line' id='line_1_11' title="bbox 198 1253 2022 1318; baseline 0.004 -16"><span class='ocrx_word' id='word_1_74' title='bbox 198 1253 407 1302; x_wconf 88' lang='lat' dir='ltr'><strong>circum</strong></span> <span class='ocrx_word' id='word_1_75' title='bbox 442 1264 502 1302; x_wconf 86' lang='lat' dir='ltr'><strong>se</strong></span> <span class='ocrx_word' id='word_1_76' title='bbox 555 1254 829 1314; x_wconf 86' lang='lat' dir='ltr'><strong>praesidia</strong></span> <span class='ocrx_word' id='word_1_77' title='bbox 868 1255 1164 1304; x_wconf 87' lang='lat' dir='ltr'><strong>amicorum</strong></span> <span class='ocrx_word' id='word_1_78' title='bbox 1212 1259 1378 1318; x_wconf 82' lang='lat' dir='ltr'><strong>atque</strong></span> <span class='ocrx_word' id='word_1_79' title='bbox 1414 1256 1690 1306; x_wconf 88' lang='lat' dir='ltr'><strong>clientium</strong></span> <span class='ocrx_word' id='word_1_80' title='bbox 1726 1256 1942 1306; x_wconf 79' lang='lat' dir='ltr'><strong>occulte</strong></span> <span class='ocrx_word' id='word_1_81' title='bbox 1956 1257 2022 1310; x_wconf 85' lang='lat'><strong>10</strong></span> 
     </span>
     <span class='ocr_line' id='line_1_12' title="bbox 194 1340 1948 1408; baseline 0.003 -20"><span class='ocrx_word' id='word_1_82' title='bbox 194 1340 449 1392; x_wconf 83' lang='lat' dir='ltr'><strong>habebat.</strong></span> <span class='ocrx_word' id='word_1_83' title='bbox 520 1343 809 1402; x_wconf 85' lang='lat' dir='ltr'><strong>Postquam</strong></span> <span class='ocrx_word' id='word_1_84' title='bbox 847 1343 961 1392; x_wconf 88' lang='lat' dir='ltr'><strong>dies</strong></span> <span class='ocrx_word' id='word_1_85' title='bbox 998 1345 1338 1394; x_wconf 89' lang='lat' dir='ltr'><strong>comitiorum</strong></span> <span class='ocrx_word' id='word_1_86' title='bbox 1376 1346 1548 1408; x_wconf 84' lang='lat' dir='ltr'><strong>venit,</strong></span> <span class='ocrx_word' id='word_1_87' title='bbox 1585 1347 1642 1394; x_wconf 88' lang='lat' dir='ltr'><strong>et</strong></span> <span class='ocrx_word' id='word_1_88' title='bbox 1677 1342 1948 1394; x_wconf 79' lang='lat' dir='ltr'><strong>Catilinae</strong></span> 
     </span>
     <span class='ocr_line' id='line_1_13' title="bbox 192 1430 1946 1496; baseline 0.001 -16"><span class='ocrx_word' id='word_1_89' title='bbox 192 1441 380 1492; x_wconf 83' lang='lat' dir='ltr'><strong>neque</strong></span> <span class='ocrx_word' id='word_1_90' title='bbox 428 1430 619 1491; x_wconf 90' lang='lat' dir='ltr'><strong>petitio</strong></span> <span class='ocrx_word' id='word_1_91' title='bbox 660 1442 837 1492; x_wconf 87' lang='lat' dir='ltr'><strong>neque</strong></span> <span class='ocrx_word' id='word_1_92' title='bbox 888 1432 1150 1496; x_wconf 84' lang='lat' dir='ltr'><strong>insidiae,</strong></span> <span class='ocrx_word' id='word_1_93' title='bbox 1205 1445 1340 1494; x_wconf 85' lang='lat' dir='ltr'><strong>quas</strong></span> <span class='ocrx_word' id='word_1_94' title='bbox 1390 1433 1604 1483; x_wconf 86' lang='lat' dir='ltr'><strong>consuli</strong></span> <span class='ocrx_word' id='word_1_95' title='bbox 1650 1435 1707 1483; x_wconf 89' lang='lat' dir='ltr'><strong>in</strong></span> <span class='ocrx_word' id='word_1_96' title='bbox 1746 1430 1946 1496; x_wconf 86' lang='lat' dir='ltr'><strong>Campo</strong></span> 
     </span>
     <span class='ocr_line' id='line_1_14' title="bbox 194 1519 1948 1589; baseline 0.001 -21"><span class='ocrx_word' id='word_1_97' title='bbox 194 1519 443 1584; x_wconf 79' lang='lat' dir='ltr'><strong>fecerat,</strong></span> <span class='ocrx_word' id='word_1_98' title='bbox 498 1530 761 1580; x_wconf 83' lang='lat' dir='ltr'><strong>prospere</strong></span> <span class='ocrx_word' id='word_1_99' title='bbox 810 1531 1055 1583; x_wconf 82' lang='lat' dir='ltr'><strong>cessere,</strong></span> <span class='ocrx_word' id='word_1_100' title='bbox 1109 1521 1390 1589; x_wconf 83' lang='lat' dir='ltr'><strong>constituit</strong></span> <span class='ocrx_word' id='word_1_101' title='bbox 1428 1521 1628 1574; x_wconf 84' lang='lat' dir='ltr'><strong>bellum</strong></span> <span class='ocrx_word' id='word_1_102' title='bbox 1668 1523 1856 1575; x_wconf 80' lang='lat' dir='ltr'><strong>facere</strong></span> <span class='ocrx_word' id='word_1_103' title='bbox 1891 1523 1948 1570; x_wconf 88' lang='lat' dir='ltr'><strong>et</strong></span> 
     </span>
     <span class='ocr_line' id='line_1_15' title="bbox 193 1608 1948 1672; baseline 0.002 -16"><span class='ocrx_word' id='word_1_104' title='bbox 193 1609 447 1657; x_wconf 82' lang='lat' dir='ltr'><strong>extrema</strong></span> <span class='ocrx_word' id='word_1_105' title='bbox 478 1608 659 1656; x_wconf 88' lang='lat' dir='ltr'><strong>omnia</strong></span> <span class='ocrx_word' id='word_1_106' title='bbox 692 1609 962 1672; x_wconf 82' lang='lat' dir='ltr'><strong>experiri,</strong></span> <span class='ocrx_word' id='word_1_107' title='bbox 999 1611 1251 1670; x_wconf 88' lang='lat' dir='ltr'><strong>quoniam</strong></span> <span class='ocrx_word' id='word_1_108' title='bbox 1289 1622 1430 1672; x_wconf 81' lang='lat' dir='ltr'><strong>quae</strong></span> <span class='ocrx_word' id='word_1_109' title='bbox 1463 1609 1680 1662; x_wconf 81' lang='lat' dir='ltr'><strong>occulte</strong></span> <span class='ocrx_word' id='word_1_110' title='bbox 1715 1612 1948 1672; x_wconf 87' lang='lat' dir='ltr'><strong>tempta-</strong></span> 
     </span>
     <span class='ocr_line' id='line_1_16' title="bbox 196 1695 2020 1758; baseline 0.002 -12"><span class='ocrx_word' id='word_1_111' title='bbox 196 1698 360 1746; x_wconf 82' lang='lat' dir='ltr'><strong>verat</strong></span> <span class='ocrx_word' id='word_1_112' title='bbox 395 1708 598 1757; x_wconf 84' lang='lat' dir='ltr'><strong>aspera</strong></span> <span class='ocrx_word' id='word_1_113' title='bbox 630 1695 897 1758; x_wconf 83' lang='lat' dir='ltr'><strong>foedaque</strong></span> <span class='ocrx_word' id='word_1_114' title='bbox 934 1700 1253 1748; x_wconf 84' lang='lat' dir='ltr'><strong>evenerant.</strong></span> <span class='ocrx_word' id='word_1_115' title='bbox 1957 1699 2020 1750; x_wconf 92' lang='lat'><strong>15</strong></span> 
     </span>
     <span class='ocr_line' id='line_1_17' title="bbox 302 1783 1950 1852; baseline 0.001 -18"><span class='ocrx_word' id='word_1_116' title='bbox 302 1783 392 1834; x_wconf 78' lang='lat'><strong>27.</strong></span> <span class='ocrx_word' id='word_1_117' title='bbox 446 1785 621 1848; x_wconf 80' lang='lat' dir='ltr'><strong>Igitur</strong></span> <span class='ocrx_word' id='word_1_118' title='bbox 660 1785 725 1836; x_wconf 79' lang='lat' dir='ltr'><strong>G.</strong></span> <span class='ocrx_word' id='word_1_119' title='bbox 764 1784 1028 1836; x_wconf 80' lang='lat' dir='ltr'><strong>Manlium</strong></span> <span class='ocrx_word' id='word_1_120' title='bbox 1058 1786 1326 1836; x_wconf 75' lang='lat' dir='ltr'><strong>Faesulas</strong></span> <span class='ocrx_word' id='word_1_121' title='bbox 1361 1788 1526 1852; x_wconf 81' lang='lat' dir='ltr'><strong>atque</strong></span> <span class='ocrx_word' id='word_1_122' title='bbox 1561 1788 1618 1836; x_wconf 88' lang='lat' dir='ltr'><strong>in</strong></span> <span class='ocrx_word' id='word_1_123' title='bbox 1661 1799 1781 1837; x_wconf 91' lang='lat' dir='ltr'><strong>eam</strong></span> <span class='ocrx_word' id='word_1_124' title='bbox 1817 1797 1950 1848; x_wconf 83' lang='lat' dir='ltr'><strong>par-</strong></span> 
     </span>
     <span class='ocr_line' id='line_1_18' title="bbox 190 1871 1952 1940; baseline -0.001 -17"><span class='ocrx_word' id='word_1_125' title='bbox 190 1875 302 1924; x_wconf 81' lang='lat' dir='ltr'><strong>tem</strong></span> <span class='ocrx_word' id='word_1_126' title='bbox 339 1873 628 1940; x_wconf 75' lang='lat' dir='ltr'><strong>Etruriae,</strong></span> <span class='ocrx_word' id='word_1_127' title='bbox 671 1874 989 1936; x_wconf 84' lang='lat' dir='ltr'><strong>Septimium</strong></span> <span class='ocrx_word' id='word_1_128' title='bbox 1026 1875 1288 1938; x_wconf 84' lang='lat' dir='ltr'><strong>quendam</strong></span> <span class='ocrx_word' id='word_1_129' title='bbox 1329 1871 1634 1924; x_wconf 82' lang='lat' dir='ltr'><strong>Camertem</strong></span> <span class='ocrx_word' id='word_1_130' title='bbox 1668 1877 1722 1924; x_wconf 89' lang='lat' dir='ltr'><strong>in</strong></span> <span class='ocrx_word' id='word_1_131' title='bbox 1757 1885 1952 1938; x_wconf 79' lang='lat' dir='ltr'><strong>agrum</strong></span> 
     </span>
     <span class='ocr_line' id='line_1_19' title="bbox 192 1962 1949 2029; baseline -0.001 -17"><span class='ocrx_word' id='word_1_132' title='bbox 192 1965 473 2029; x_wconf 88' lang='lat' dir='ltr'><strong>Picenum,</strong></span> <span class='ocrx_word' id='word_1_133' title='bbox 510 1965 574 2013; x_wconf 82' lang='lat' dir='ltr'><strong>G.</strong></span> <span class='ocrx_word' id='word_1_134' title='bbox 603 1962 799 2013; x_wconf 85' lang='lat' dir='ltr'><strong>Iulium</strong></span> <span class='ocrx_word' id='word_1_135' title='bbox 832 1965 887 2013; x_wconf 91' lang='lat' dir='ltr'><strong>in</strong></span> <span class='ocrx_word' id='word_1_136' title='bbox 914 1963 1169 2025; x_wconf 84' lang='lat' dir='ltr'><strong>Apuliam</strong></span> <span class='ocrx_word' id='word_1_137' title='bbox 1206 1964 1407 2013; x_wconf 83' lang='lat' dir='ltr'><strong>dimisit</strong></span> <span class='ocrx_word' id='word_1_138' title='bbox 1417 1978 1436 2026; x_wconf 81' lang='lat'>3</span> <span class='ocrx_word' id='word_1_139' title='bbox 1472 1966 1763 2026; x_wconf 81' lang='lat' dir='ltr'><strong>praeterea</strong></span> <span class='ocrx_word' id='word_1_140' title='bbox 1783 1962 1949 2013; x_wconf 89' lang='lat' dir='ltr'><strong>alium</strong></span> 
     </span>
     <span class='ocr_line' id='line_1_20' title="bbox 192 2051 1947 2118; baseline -0.003 -15"><span class='ocrx_word' id='word_1_141' title='bbox 192 2053 337 2118; x_wconf 85' lang='lat' dir='ltr'><strong>alio,</strong></span> <span class='ocrx_word' id='word_1_142' title='bbox 376 2066 543 2115; x_wconf 88' lang='lat' dir='ltr'><strong>quem</strong></span> <span class='ocrx_word' id='word_1_143' title='bbox 580 2052 777 2113; x_wconf 84' lang='lat' dir='ltr'><strong>ubique</strong></span> <span class='ocrx_word' id='word_1_144' title='bbox 814 2057 1173 2113; x_wconf 87' lang='lat' dir='ltr'><strong>opportunum</strong></span> <span class='ocrx_word' id='word_1_145' title='bbox 1211 2052 1312 2101; x_wconf 87' lang='lat' dir='ltr'><strong>sibi</strong></span> <span class='ocrx_word' id='word_1_146' title='bbox 1353 2054 1474 2101; x_wconf 86' lang='lat' dir='ltr'><strong>fore</strong></span> <span class='ocrx_word' id='word_1_147' title='bbox 1511 2051 1784 2102; x_wconf 86' lang='lat' dir='ltr'><strong>credebat.</strong></span> <span class='ocrx_word' id='word_1_148' title='bbox 1853 2051 1947 2098; x_wconf 89' lang='lat' dir='ltr'><strong>In-</strong></span> 
     </span>
     <span class='ocr_line' id='line_1_21' title="bbox 192 2139 2024 2204; baseline -0.003 -12"><span class='ocrx_word' id='word_1_149' title='bbox 192 2143 349 2192; x_wconf 81' lang='lat' dir='ltr'><strong>terea</strong></span> <span class='ocrx_word' id='word_1_150' title='bbox 384 2142 591 2190; x_wconf 84' lang='lat' dir='ltr'><strong>Romae</strong></span> <span class='ocrx_word' id='word_1_151' title='bbox 624 2139 795 2203; x_wconf 78' lang='lat' dir='ltr'><strong>mulia</strong></span> <span class='ocrx_word' id='word_1_152' title='bbox 827 2139 988 2191; x_wconf 86' lang='lat' dir='ltr'><strong>simul</strong></span> <span class='ocrx_word' id='word_1_153' title='bbox 1022 2140 1231 2204; x_wconf 85' lang='lat' dir='ltr'><strong>moliri,</strong></span> <span class='ocrx_word' id='word_1_154' title='bbox 1287 2139 1500 2190; x_wconf 84' lang='lat' dir='ltr'><strong>consuli</strong></span> <span class='ocrx_word' id='word_1_155' title='bbox 1544 2141 1772 2191; x_wconf 80' lang='lat' dir='ltr'><strong>insidias</strong></span> <span class='ocrx_word' id='word_1_156' title='bbox 1823 2140 2024 2193; x_wconf 84' lang='lat' dir='ltr'><strong>ten-20</strong></span> 
     </span>
     <span class='ocr_line' id='line_1_22' title="bbox 193 2227 1950 2296; baseline -0.001 -17"><span class='ocrx_word' id='word_1_157' title='bbox 193 2229 344 2296; x_wconf 76' lang='lat' dir='ltr'><strong>dere,</strong></span> <span class='ocrx_word' id='word_1_158' title='bbox 382 2241 583 2291; x_wconf 84' lang='lat' dir='ltr'><strong>parare</strong></span> <span class='ocrx_word' id='word_1_159' title='bbox 620 2229 891 2296; x_wconf 84' lang='lat' dir='ltr'><strong>incendia,</strong></span> <span class='ocrx_word' id='word_1_160' title='bbox 914 2233 1223 2292; x_wconf 86' lang='lat' dir='ltr'><strong>opportuna</strong></span> <span class='ocrx_word' id='word_1_161' title='bbox 1247 2228 1377 2279; x_wconf 89' lang='lat' dir='ltr'><strong>loca</strong></span> <span class='ocrx_word' id='word_1_162' title='bbox 1401 2230 1623 2279; x_wconf 83' lang='lat' dir='ltr'><strong>armatis</strong></span> <span class='ocrx_word' id='word_1_163' title='bbox 1646 2227 1950 2277; x_wconf 86' lang='lat' dir='ltr'><strong>hominibus</strong></span> 
     </span>
     <span class='ocr_line' id='line_1_23' title="bbox 193 2315 1952 2383; baseline -0.003 -14"><span class='ocrx_word' id='word_1_164' title='bbox 193 2320 471 2383; x_wconf 83' lang='lat' dir='ltr'><strong>obsidere,</strong></span> <span class='ocrx_word' id='word_1_165' title='bbox 504 2320 624 2380; x_wconf 86' lang='lat' dir='ltr'><strong>ipse</strong></span> <span class='ocrx_word' id='word_1_166' title='bbox 662 2329 781 2367; x_wconf 90' lang='lat' dir='ltr'><strong>cum</strong></span> <span class='ocrx_word' id='word_1_167' title='bbox 820 2317 929 2367; x_wconf 90' lang='lat' dir='ltr'><strong>telo</strong></span> <span class='ocrx_word' id='word_1_168' title='bbox 967 2330 1107 2382; x_wconf 86' lang='lat' dir='ltr'><strong>esse,</strong></span> <span class='ocrx_word' id='word_1_169' title='bbox 1139 2318 1270 2367; x_wconf 88' lang='lat' dir='ltr'><strong>item</strong></span> <span class='ocrx_word' id='word_1_170' title='bbox 1310 2316 1450 2367; x_wconf 84' lang='lat' dir='ltr'><strong>alios</strong></span> <span class='ocrx_word' id='word_1_171' title='bbox 1480 2319 1690 2382; x_wconf 88' lang='lat' dir='ltr'><strong>iubere,</strong></span> <span class='ocrx_word' id='word_1_172' title='bbox 1724 2315 1952 2381; x_wconf 83' lang='lat' dir='ltr'><strong>hortari,</strong></span> 
     </span>
     <span class='ocr_line' id='line_1_24' title="bbox 190 2403 1952 2471; baseline -0.003 -14"><span class='ocrx_word' id='word_1_173' title='bbox 190 2410 273 2459; x_wconf 89' lang='lat' dir='ltr'><strong>uti</strong></span> <span class='ocrx_word' id='word_1_174' title='bbox 307 2420 528 2469; x_wconf 85' lang='lat' dir='ltr'><strong>semper</strong></span> <span class='ocrx_word' id='word_1_175' title='bbox 558 2408 755 2457; x_wconf 86' lang='lat' dir='ltr'><strong>intenti</strong></span> <span class='ocrx_word' id='word_1_176' title='bbox 788 2408 1077 2469; x_wconf 84' lang='lat' dir='ltr'><strong>paratique</strong></span> <span class='ocrx_word' id='word_1_177' title='bbox 1097 2409 1301 2471; x_wconf 83' lang='lat' dir='ltr'><strong>essent,</strong></span> <span class='ocrx_word' id='word_1_178' title='bbox 1338 2406 1454 2457; x_wconf 82' lang='lat' dir='ltr'><strong>dies</strong></span> <span class='ocrx_word' id='word_1_179' title='bbox 1480 2407 1767 2467; x_wconf 80' lang='lat' dir='ltr'><strong>noctisque</strong></span> <span class='ocrx_word' id='word_1_180' title='bbox 1788 2403 1952 2453; x_wconf 82' lang='lat' dir='ltr'><strong>festi-</strong></span> 
     </span>
     <span class='ocr_line' id='line_1_25' title="bbox 190 2491 1944 2563; baseline -0.006 -16"><span class='ocrx_word' id='word_1_181' title='bbox 190 2509 357 2563; x_wconf 86' lang='lat' dir='ltr'><strong>nare,</strong></span> <span class='ocrx_word' id='word_1_182' title='bbox 404 2495 673 2561; x_wconf 78' lang='lat' dir='ltr'><strong>vigilare,</strong></span> <span class='ocrx_word' id='word_1_183' title='bbox 720 2508 904 2557; x_wconf 85' lang='lat' dir='ltr'><strong>neque</strong></span> <span class='ocrx_word' id='word_1_184' title='bbox 939 2495 1221 2545; x_wconf 84' lang='lat' dir='ltr'><strong>insomniis</strong></span> <span class='ocrx_word' id='word_1_185' title='bbox 1262 2507 1444 2555; x_wconf 89' lang='lat' dir='ltr'><strong>neque</strong></span> <span class='ocrx_word' id='word_1_186' title='bbox 1478 2493 1668 2544; x_wconf 89' lang='lat' dir='ltr'><strong>labore</strong></span> <span class='ocrx_word' id='word_1_187' title='bbox 1705 2491 1944 2555; x_wconf 82' lang='lat' dir='ltr'><strong>fatigari.</strong></span> 
     </span>
     <span class='ocr_line' id='line_1_26' title="bbox 190 2576 2024 2647; baseline -0.004 -13"><span class='ocrx_word' id='word_1_188' title='bbox 190 2587 477 2636; x_wconf 89' lang='lat' dir='ltr'><strong>Postremo</strong></span> <span class='ocrx_word' id='word_1_189' title='bbox 516 2584 607 2633; x_wconf 86' lang='lat' dir='ltr'><strong>ubi</strong></span> <span class='ocrx_word' id='word_1_190' title='bbox 641 2583 813 2633; x_wconf 83' lang='lat' dir='ltr'><strong>multa</strong></span> <span class='ocrx_word' id='word_1_191' title='bbox 848 2584 1079 2647; x_wconf 80' lang='lat' dir='ltr'><strong>agitanti</strong></span> <span class='ocrx_word' id='word_1_192' title='bbox 1115 2581 1250 2631; x_wconf 86' lang='lat' dir='ltr'><strong>nihil</strong></span> <span class='ocrx_word' id='word_1_193' title='bbox 1299 2584 1580 2643; x_wconf 86' lang='lat' dir='ltr'><strong>procedit,</strong></span> <span class='ocrx_word' id='word_1_194' title='bbox 1635 2594 1824 2630; x_wconf 86' lang='lat' dir='ltr'><strong>rursus</strong></span> <span class='ocrx_word' id='word_1_195' title='bbox 1857 2576 2024 2629; x_wconf 69' lang='lat' dir='ltr'><strong>iii-25</strong></span> 
     </span>
     <span class='ocr_line' id='line_1_27' title="bbox 193 2671 1952 2735; baseline -0.006 -10"><span class='ocrx_word' id='word_1_196' title='bbox 193 2676 466 2735; x_wconf 85' lang='lat' dir='ltr'><strong>tempesta</strong></span> <span class='ocrx_word' id='word_1_197' title='bbox 522 2674 680 2721; x_wconf 88' lang='lat' dir='ltr'><strong>nocte</strong></span> <span class='ocrx_word' id='word_1_198' title='bbox 736 2673 1128 2722; x_wconf 81' lang='lat' dir='ltr'><strong>coniurationis</strong></span> <span class='ocrx_word' id='word_1_199' title='bbox 1185 2671 1466 2733; x_wconf 85' lang='lat' dir='ltr'><strong>principes</strong></span> <span class='ocrx_word' id='word_1_200' title='bbox 1525 2671 1796 2717; x_wconf 84' lang='lat' dir='ltr'><strong>convocat</strong></span> <span class='ocrx_word' id='word_1_201' title='bbox 1851 2679 1952 2727; x_wconf 86' lang='lat' dir='ltr'><strong>per</strong></span> 
     </span>
     <span class='ocr_line' id='line_1_28' title="bbox 190 2756 1948 2827; baseline -0.006 -14"><span class='ocrx_word' id='word_1_202' title='bbox 190 2764 267 2813; x_wconf 84' lang='grc' dir='ltr'><strong>Μ.</strong></span> <span class='ocrx_word' id='word_1_203' title='bbox 311 2762 565 2811; x_wconf 85' lang='lat' dir='ltr'><strong>Porcium</strong></span> <span class='ocrx_word' id='word_1_204' title='bbox 602 2762 869 2827; x_wconf 83' lang='lat' dir='ltr'><strong>Laecam,</strong></span> <span class='ocrx_word' id='word_1_205' title='bbox 921 2762 1105 2822; x_wconf 86' lang='lat' dir='ltr'><strong>ibique</strong></span> <span class='ocrx_word' id='word_1_206' title='bbox 1155 2758 1328 2807; x_wconf 83' lang='lat' dir='ltr'><strong>mulia</strong></span> <span class='ocrx_word' id='word_1_207' title='bbox 1375 2758 1442 2807; x_wconf 90' lang='lat' dir='ltr'><strong>de</strong></span> <span class='ocrx_word' id='word_1_208' title='bbox 1493 2756 1718 2821; x_wconf 85' lang='lat' dir='ltr'><strong>ignavia</strong></span> <span class='ocrx_word' id='word_1_209' title='bbox 1766 2765 1948 2803; x_wconf 88' lang='lat' dir='ltr'><strong>corum</strong></span> 
     </span>
     <span class='ocr_line' id='line_1_29' title="bbox 195 2841 1953 2917; baseline -0.006 -16"><span class='ocrx_word' id='word_1_210' title='bbox 195 2856 457 2917; x_wconf 66' lang='lat' dir='ltr'><strong>questuS,</strong></span> <span class='ocrx_word' id='word_1_211' title='bbox 511 2850 672 2899; x_wconf 81' lang='lat' dir='ltr'><strong>docet</strong></span> <span class='ocrx_word' id='word_1_212' title='bbox 708 2863 769 2900; x_wconf 90' lang='lat' dir='ltr'><strong>se</strong></span> <span class='ocrx_word' id='word_1_213' title='bbox 805 2848 1067 2899; x_wconf 85' lang='lat' dir='ltr'><strong>Manlium</strong></span> <span class='ocrx_word' id='word_1_214' title='bbox 1104 2848 1452 2911; x_wconf 83' lang='lat' dir='ltr'><strong>praemisisse</strong></span> <span class='ocrx_word' id='word_1_215' title='bbox 1500 2846 1568 2895; x_wconf 87' lang='lat' dir='ltr'><strong>ad</strong></span> <span class='ocrx_word' id='word_1_216' title='bbox 1599 2855 1728 2893; x_wconf 80' lang='lat' dir='ltr'><strong>eam</strong></span> <span class='ocrx_word' id='word_1_217' title='bbox 1764 2841 1953 2891; x_wconf 86' lang='lat' dir='ltr'><strong>multi-</strong></span> 
     </span>
     <span class='ocr_line' id='line_1_30' title="bbox 193 2930 1954 3003; baseline -0.006 -13"><span class='ocrx_word' id='word_1_218' title='bbox 193 2941 457 3003; x_wconf 82' lang='lat' dir='ltr'><strong>tudinem,</strong></span> <span class='ocrx_word' id='word_1_219' title='bbox 498 2951 659 3001; x_wconf 84' lang='lat' dir='ltr'><strong>quam</strong></span> <span class='ocrx_word' id='word_1_220' title='bbox 694 2938 761 2987; x_wconf 86' lang='lat' dir='ltr'><strong>ad</strong></span> <span class='ocrx_word' id='word_1_221' title='bbox 798 2936 1068 3000; x_wconf 84' lang='lat' dir='ltr'><strong>capiunda</strong></span> <span class='ocrx_word' id='word_1_222' title='bbox 1104 2950 1257 2985; x_wconf 84' lang='lat' dir='ltr'><strong>arma</strong></span> <span class='ocrx_word' id='word_1_223' title='bbox 1292 2937 1604 2997; x_wconf 83' lang='lat' dir='ltr'><strong>paraverat,</strong></span> <span class='ocrx_word' id='word_1_224' title='bbox 1643 2933 1776 2981; x_wconf 90' lang='lat' dir='ltr'><strong>item</strong></span> <span class='ocrx_word' id='word_1_225' title='bbox 1811 2930 1954 2981; x_wconf 83' lang='lat' dir='ltr'><strong>alios</strong></span> 
     </span>
     <span class='ocr_line' id='line_1_31' title="bbox 191 3019 2028 3092; baseline -0.005 -11"><span class='ocrx_word' id='word_1_226' title='bbox 191 3034 247 3081; x_wconf 91' lang='lat' dir='ltr'><strong>in</strong></span> <span class='ocrx_word' id='word_1_227' title='bbox 289 3029 404 3079; x_wconf 84' lang='lat' dir='ltr'><strong>alia</strong></span> <span class='ocrx_word' id='word_1_228' title='bbox 438 3029 565 3077; x_wconf 86' lang='lat' dir='ltr'><strong>loca</strong></span> <span class='ocrx_word' id='word_1_229' title='bbox 600 3030 923 3092; x_wconf 87' lang='lat' dir='ltr'><strong>opportuna,</strong></span> <span class='ocrx_word' id='word_1_230' title='bbox 965 3028 1056 3089; x_wconf 91' lang='lat' dir='ltr'><strong>qui</strong></span> <span class='ocrx_word' id='word_1_231' title='bbox 1082 3027 1298 3075; x_wconf 84' lang='lat' dir='ltr'><strong>initium</strong></span> <span class='ocrx_word' id='word_1_232' title='bbox 1325 3023 1458 3076; x_wconf 85' lang='lat' dir='ltr'><strong>belli</strong></span> <span class='ocrx_word' id='word_1_233' title='bbox 1481 3023 1746 3085; x_wconf 78' lang='lat' dir='ltr'><strong>facerent,</strong></span> <span class='ocrx_word' id='word_1_234' title='bbox 1779 3030 1947 3083; x_wconf 87' lang='lat' dir='ltr'><strong>seque</strong></span> <span class='ocrx_word' id='word_1_235' title='bbox 1961 3019 2028 3071; x_wconf 89' lang='grc'><strong>30</strong></span> 
     </span>
    </p>
   </div>
   <div class='ocr_carea' id='block_1_3' title="bbox 199 3168 594 3182">
    <p class='ocr_par' dir='ltr' id='par_1_3' title="bbox 199 3168 594 3182">
     <span class='ocr_line' id='line_1_32' title="bbox 199 3168 594 3182; baseline 0 743"><span class='ocrx_word' id='word_1_236' title='bbox 199 3168 594 3182; x_wconf 95' lang='lat' dir='ltr'><strong> </strong></span> 
     </span>
    </p>
   </div>
   <div class='ocr_carea' id='block_1_4' title="bbox 184 3238 1952 3375">
    <p class='ocr_par' dir='ltr' id='par_1_4' title="bbox 184 3238 1952 3375">
     <span class='ocr_line' id='line_1_33' title="bbox 296 3238 1952 3298; baseline -0.005 -11"><span class='ocrx_word' id='word_1_237' title='bbox 296 3249 341 3287; x_wconf 76' lang='grc'><strong>9.</strong></span> <span class='ocrx_word' id='word_1_238' title='bbox 364 3248 599 3298; x_wconf 73' lang='lat' dir='ltr'><strong>propulerat</strong></span> <span class='ocrx_word' id='word_1_239' title='bbox 622 3246 672 3287; x_wconf 83' lang='lat' dir='ltr'><strong>V.</strong></span> <span class='ocrx_word' id='word_1_240' title='bbox 703 3270 745 3278; x_wconf 94' lang='lat'>—</span> <span class='ocrx_word' id='word_1_241' title='bbox 798 3248 861 3289; x_wconf 68' lang='lat'><strong>1².</strong></span> <span class='ocrx_word' id='word_1_242' title='bbox 889 3246 968 3286; x_wconf 80' lang='lat' dir='ltr'><strong>Vv.</strong></span> <span class='ocrx_word' id='word_1_243' title='bbox 994 3248 1037 3284; x_wconf 72' lang='lat' dir='ltr'><strong>in</strong></span> <span class='ocrx_word' id='word_1_244' title='bbox 1062 3246 1211 3295; x_wconf 69' lang='lat' dir='ltr'><strong>eampo</strong></span> <span class='ocrx_word' id='word_1_245' title='bbox 1237 3246 1412 3285; x_wconf 80' lang='lat' dir='ltr'><strong>seclusit</strong></span> <span class='ocrx_word' id='word_1_246' title='bbox 1434 3247 1486 3285; x_wconf 79' lang='lat' dir='ltr'><strong>G.</strong></span> <span class='ocrx_word' id='word_1_247' title='bbox 1513 3264 1562 3273; x_wconf 90' lang='grc'>-</span> <span class='ocrx_word' id='word_1_248' title='bbox 1610 3242 1673 3283; x_wconf 77' lang='lat'><strong>1³.</strong></span> <span class='ocrx_word' id='word_1_249' title='bbox 1708 3240 1846 3291; x_wconf 71' lang='lat' dir='ltr'><strong>facero</strong></span> <span class='ocrx_word' id='word_1_250' title='bbox 1869 3238 1952 3279; x_wconf 75' lang='lat' dir='ltr'><strong>bel-</strong></span> 
     </span>
     <span class='ocr_line' id='line_1_34' title="bbox 184 3310 1779 3375; baseline -0.007 -17"><span class='ocrx_word' id='word_1_251' title='bbox 184 3319 203 3358; x_wconf 85' lang='lat' dir='ltr'><strong>l</strong></span> <span class='ocrx_word' id='word_1_252' title='bbox 218 3332 286 3357; x_wconf 72' lang='lat' dir='ltr'><strong>mn</strong></span> <span class='ocrx_word' id='word_1_253' title='bbox 315 3318 367 3358; x_wconf 82' lang='lat' dir='ltr'><strong>V.</strong></span> <span class='ocrx_word' id='word_1_254' title='bbox 392 3336 443 3346; x_wconf 90' lang='lat'>-</span> <span class='ocrx_word' id='word_1_255' title='bbox 491 3317 555 3355; x_wconf 82' lang='lat'><strong>18.</strong></span> <span class='ocrx_word' id='word_1_256' title='bbox 580 3318 689 3354; x_wconf 67' lang='lat' dir='ltr'><strong>mitit</strong></span> <span class='ocrx_word' id='word_1_257' title='bbox 710 3314 761 3356; x_wconf 90' lang='lat' dir='ltr'><strong>V.</strong></span> <span class='ocrx_word' id='word_1_258' title='bbox 793 3338 835 3346; x_wconf 92' lang='lat'>—</span> <span class='ocrx_word' id='word_1_259' title='bbox 884 3314 949 3375; x_wconf 55' lang='grc' dir='ltr'><strong>ξς).</strong></span> <span class='ocrx_word' id='word_1_260' title='bbox 981 3326 1061 3355; x_wconf 83' lang='lat' dir='ltr'><strong>om.</strong></span> <span class='ocrx_word' id='word_1_261' title='bbox 1086 3314 1204 3353; x_wconf 66' lang='lat' dir='ltr'><strong>simul</strong></span> <span class='ocrx_word' id='word_1_262' title='bbox 1228 3315 1280 3354; x_wconf 89' lang='lat' dir='ltr'><strong>V.</strong></span> <span class='ocrx_word' id='word_1_263' title='bbox 1308 3336 1360 3345; x_wconf 90' lang='lat'><strong>—</strong></span> <span class='ocrx_word' id='word_1_264' title='bbox 1407 3314 1470 3352; x_wconf 75' lang='lat' dir='ltr'><strong>u.</strong></span> <span class='ocrx_word' id='word_1_265' title='bbox 1497 3315 1537 3351; x_wconf 71' lang='lat' dir='ltr'><strong>in</strong></span> <span class='ocrx_word' id='word_1_266' title='bbox 1561 3312 1706 3351; x_wconf 71' lang='lat' dir='ltr'><strong>nonanis</strong></span> <span class='ocrx_word' id='word_1_267' title='bbox 1731 3310 1779 3347; x_wconf 87' lang='lat' dir='ltr'><strong>V.</strong></span> 
     </span>
    </p>
   </div>
  </div>
 </body>
</html>
