2525 3925
604 355 719 432 eos
954 356 1029 406 Μ.
1066 355 1308 406 'sunm
1345 349 1719 406 monnoms
1749 353 2014 408 onmo

602 501 822 553 aulatis,
894 500 1073 552 Simili
1108 504 1330 553 senatus
1366 501 1618 552 consulto
1644 498 1700 550 C.
1724 503 1902 552 Mario
1939 505 1998 551 et
2034 503 2098 552 L.
2123 502 2368 554 Valerio

606 590 921 641 consulibus
962 593 1047 639 est
1087 593 1347 652 permissa
1379 602 1470 640 res
1513 591 1749 654 publica.
1821 593 1958 642 Num
2001 605 2170 642 unum
2215 595 2364 643 diem

606 683 800 743 postea
843 680 909 730 L.
944 680 1290 729 Saturninum
1340 680 1610 728 tribunum
1660 679 1804 742 plebi
1851 683 1908 730 et
1959 677 2018 729 C.
2055 682 2364 732 Servilium

605 772 914 831 praetorem
955 753 1102 818 moi-s¹
1148 779 1213 816 ac
1259 769 1346 816 rei
1390 768 1642 829 publicae
1689 776 1864 830 poena
1903 774 2188 818 remorata
2227 762 2362 818 est?

605 859 681 906 At
721 867 857 907 vero
909 867 1007 906 nos
1055 857 1382 905 vicesimum
1428 856 1536 904 iam
1583 857 1721 904 diem
1768 858 2004 918 patimur
2054 859 2358 908 hebescere

606 948 779 996 aciem
830 946 1021 994 horum
1072 945 1430 994 auctoritatis.
1515 945 1787 994 Habemus
1844 947 1988 994 enim
2047 947 2356 997 huiusmodi

604 1038 827 1084 senatus
884 1031 1215 1094 consultum,
1275 1035 1646 1083 verumtamen
1689 1033 1959 1084 inclusum
2017 1036 2074 1084 in
2137 1036 2358 1100 tabuliS,

606 1128 871 1184 tamquam
917 1121 974 1167 in
1022 1121 1223 1184 vagina
1273 1123 1643 1182 reconditum3
1697 1133 1802 1184 quo
1839 1134 1907 1170 ex
1944 1127 2182 1174 senatus
2227 1136 2357 1173 con-

604 1209 751 1260 sulto
787 1207 1070 1257 confestim
1105 1210 1454 1258 interfectum
1493 1213 1548 1258 te
1583 1221 1724 1269 esse,
1761 1208 2032 1276 Catilina,
2074 1215 2354 1262 convenit.

606 1300 798 1348 Vivis:
834 1299 891 1346 et
926 1297 1072 1346 vivis
1109 1309 1221 1346 non
1261 1298 1332 1347 ad
1366 1298 1753 1363 deponendam,
1786 1299 1883 1348 sed
1917 1298 1988 1348 ad
2026 1300 2356 1350 confirman-

606 1388 727 1436 dam
765 1385 1063 1434 audaciam.
1136 1383 1332 1452 Cupio,
1375 1393 1559 1448 patres
1600 1387 1915 1448 conscripti,
1949 1400 2038 1437 me
2076 1401 2210 1452 esse
2243 1390 2354 1438 cle-

608 1477 873 1536 mentem3
922 1475 1082 1536 cupio
1118 1474 1175 1524 in
1212 1477 1378 1524 tantis
1413 1477 1496 1524 rei
1537 1474 1787 1537 publicae
1823 1475 2092 1536 periculis
2133 1490 2222 1527 me
2256 1490 2354 1526 non

610 1561 931 1614 dissolutum
974 1563 1181 1612 videri:
1237 1565 1337 1613 sed
1391 1566 1496 1612 iam
1540 1575 1628 1612 me
1668 1564 1844 1624 ipsum
1888 1565 2132 1614 inertiae
2167 1569 2353 1627 nequi-

567 1652 824 1713 5tiaeque
870 1652 1189 1702 condemno.
1262 1650 1458 1702 Castra
1503 1655 1628 1700 sunt
1673 1654 1730 1700 in
1785 1653 1951 1702 ltalia
1997 1658 2202 1704 contra
2251 1667 2352 1704 rem

607 1741 878 1802 publicam
913 1741 969 1789 in
994 1740 1246 1788 Etruriae
1271 1741 1520 1790 faucibus
1551 1739 1826 1790 collocata
1839 1756 1858 1806 3
1900 1744 2108 1792 crescit
2147 1745 2206 1791 in
2243 1742 2350 1790 dics

606 1831 850 1894 singulos
884 1828 1113 1879 hostium
1152 1840 1436 1878 numerus:
1473 1840 1658 1878 eorum
1689 1832 1867 1880 autem
1907 1835 2223 1880 castrorum
2261 1832 2348 1878 im-

607 1922 916 1981 peratorem
961 1917 1258 1979 ducemque
1309 1916 1542 1967 hostium
1584 1918 1731 1967 intra
1767 1920 1980 1967 moenia
2019 1923 2192 1981 alque
2225 1921 2350 1969 adeo

605 2010 661 2057 in
688 2010 883 2057 senatu
915 2008 1161 2055 videmus
1186 2007 1500 2056 intestinam
1527 2006 1760 2067 aliquam
1786 2006 2027 2069 quotidie
2059 2010 2352 2069 perniciem

604 2097 692 2144 rei
727 2096 977 2160 publicae
1016 2092 1344 2142 molientem.
1415 2094 1475 2143 Si
1513 2097 1567 2145 te
1601 2096 1740 2162 iam,
1787 2093 2052 2158 Catilina,
2103 2108 2354 2159 compre-

606 2183 796 2245 hendi,
834 2182 884 2231 si
918 2180 1152 2231 interfici
1191 2182 1436 2245 iussero,
1487 2184 1684 2247 credo,
1726 2184 1831 2233 erit
1865 2184 2176 2233 verendum
2213 2184 2354 2240 mihi,

606 2282 676 2319 ne
709 2253 959 2319 non'hoc
1001 2270 1179 2332 potius
1216 2282 1404 2318 omnes
1444 2272 1570 2323 boni
1605 2274 1784 2321 serius
1808 2285 1842 2322 a
1866 2286 1970 2336 me,
2007 2286 2171 2335 quam
2211 2276 2356 2336 quis-

610 2372 773 2423 quam
822 2358 1097 2409 crudelius
1144 2358 1354 2409 factum
1405 2372 1526 2410 esse
1577 2360 1738 2409 dicat.
1821 2362 2034 2410 Verum
2081 2374 2196 2425 ego
2240 2364 2355 2421 hoc,

606 2450 745 2512 quod
786 2450 1103 2511 iampridem
1154 2440 1378 2498 factum'
1409 2462 1532 2499 esse
1573 2450 1840 2513 oportuit,
1891 2454 2045 2499 certa
2080 2450 2152 2499 de
2193 2463 2360 2500 causa

605 2536 838 2589 noudum
883 2538 1152 2597 adducor,
1202 2540 1259 2587 nt
1301 2538 1520 2587 faciam.
1589 2538 1722 2586 Tum
1759 2540 1988 2601 denique
2025 2538 2358 2588 interficiam

610 2632 680 2688 te,
719 2640 839 2677 cum
870 2630 978 2677 iam
1013 2638 1166 2675 nemo
1204 2630 1312 2675 tam
1346 2628 1646 2693 improbu3‚
1683 2631 1796 2676 tam
1834 2628 2094 2690 perditus,
2135 2630 2250 2679 tam
2287 2629 2360 2677 tui

606 2716 803 2767 similis
848 2715 1081 2765 inveniri
1131 2716 1355 2777 poterit,
1419 2716 1511 2776 qui
1556 2714 1608 2763 id
1653 2728 1757 2764 non
1810 2716 1930 2765 iure
1976 2714 2187 2765 factum
2237 2728 2361 2763 esse

568 2797 869 2854 Gfateatur.
958 2799 1223 2865 Quamdiu
1279 2804 1554 2865 quisquam
1609 2805 1740 2869 erit,
1805 2806 1898 2867 qui
1947 2805 2002 2852 te
2057 2803 2362 2853 defendere

607 2892 832 2957 audeat,
882 2894 1072 2941 vives:
1129 2894 1183 2939 et
1218 2890 1378 2939 vives
1414 2892 1522 2957 ita,
1577 2896 1636 2941 ut
1673 2892 1852 2957 vivis,
1905 2890 2088 2940 multis
2125 2892 2270 2941 mels
2310 2898 2362 2942 et

705 3070 757 3119 S.
786 3072 825 3111 4.
863 3072 936 3111 sed
968 3074 1088 3111 etiam
1120 3084 1182 3110 me
1204 3072 1257 3113 K.
1283 3094 1332 3103 —
1382 3072 1431 3122 S.
1460 3074 1500 3113 5.
1527 3075 1805 3122 imperatorem
1838 3079 2056 3111 caurorum
2083 3072 2137 3112 K.
2172 3095 2220 3104 —
2259 3078 2302 3113 nn·
2325 3082 2362 3113 ee

607 3137 778 3187 interfici
802 3138 857 3177 K.
894 3160 943 3169 --
994 3139 1041 3189 S.
1066 3140 1105 3181 6.
1142 3140 1213 3179 ted
1244 3142 1354 3179 vivon
1377 3141 1558 3181 Weiskii
1583 3146 1624 3179 ot
1649 3140 1848 3191 Madvigii
1871 3142 2072 3191 auspicio.
2099 3162 2150 3171 --
2189 3148 2236 3180 ue
2256 3154 2362 3181 ιιιιιιι·

610 3208 711 3247 vivis
736 3206 788 3245 K.

697 3357 747 3407 S.
770 3358 811 3397 4.
838 3356 889 3396 G.
905 3355 1067 3406 Mar-iol
1094 3368 1132 3397 ιι.
1150 3369 1237 3398 ιο.
1254 3357 1340 3397 6⁵⁴.
1359 3378 1402 3389 -—
1429 3354 1479 3407 5.
1499 3357 1538 3396 ὀ.
1567 3355 1714 3394 cmm
1735 3376 1756 3386 -
1779 3376 1799 3387 -
1823 3358 1867 3395 1⁹⁸·
1886 3356 2102 3408 uer-curiae]
2127 3358 2216 3399 Sal.
2233 3370 2274 3397 c.
2291 3360 2356 3399 π.
