2525 3925
855 336 1208 395 cA'rmNA.
1304 376 1311 383 -
1709 341 1716 348 ’
1825 342 1895 397 41

157 484 370 537 videris
403 495 474 539 ne
507 485 740 550 accidat,
776 488 866 539 ubi
903 492 1104 553 evenit,
1139 488 1583 550 frustrapiudicia
1610 488 1871 554 implores
1882 506 1903 555 3

159 579 326 637 capta
365 577 498 627 urbe
537 577 673 627 nihil
717 576 776 627 fit
813 577 1014 639 reliqui
1061 578 1240 627 vietis.
1300 578 1419 628 ‘Sed
1433 612 1449 643 ‚
1502 590 1600 640 per
1644 579 1776 631 deos
1810 582 1899 631 in-

159 663 438 728 mortalis,
489 676 592 715 vos
637 677 744 729 ego
789 666 1036 732 adpello,
1081 668 1172 729 qui
1207 678 1420 729 semper
1458 667 1671 734 domos,
1716 668 1898 731 villas,

159 753 338 817 signa,
367 753 584 804 tabulas
621 755 834 804 vostras
857 754 1030 816 pluris
1054 766 1208 817 quam
1233 767 1345 805 rem
1380 754 1649 816 publicam
1671 756 1907 820 fecistis,
1966 750 1970 757 '

159 841 210 890 si
241 843 368 907 isia,
401 843 804 904 quoiuscunque
837 842 984 893 modi
1017 847 1144 893 sunt
1168 856 1307 906 quae
1328 842 1726 909 amplexamini,
1758 844 1941 895 reti—5

159 940 312 995 nere,
345 932 396 981 si
431 930 814 991 voluptatibus·
834 934 1038 981 vostris
1075 934 1240 982 otium
1278 934 1540 995 praebere
1578 932 1765 998 voltis,
1800 946 1901 983 ex-

162 1019 535 1082 pergiscimini
569 1020 858 1083 aliquando
893 1024 951 1069 et
985 1022 1256 1082 capessite
1291 1034 1403 1071 rem
1440 1022 1731 1083 publicam.
1778 1021 1903 1071 Non

161 1108 346 1172 agitur
381 1108 450 1157 de
483 1109 850 1172 vectigalibus
881 1120 1054 1171 neque
1100 1112 1168 1159 de
1212 1112 1487 1161 sociorum
1528 1110 1774 1161 iniuriis:
1825 1110 1901 1159 li-

159 1198 350 1257 bertas
385 1201 443 1247 et
489 1198 667 1247 anima
707 1201 898 1249 nostra
943 1198 1004 1247 in
1049 1197 1211 1249 dubio
1257 1204 1361 1250 est.
1430 1198 1609 1261 Saepe
1658 1210 1901 1263 numero,

162 1285 222 1335 P.
249 1282 328 1350 (3.,
360 1286 530 1337 multa
551 1289 718 1338 verba
751 1289 810 1337 in
843 1286 948 1336 hoc
981 1286 1174 1337 ordine
1209 1288 1336 1353 feci,
1376 1300 1553 1349 saepe.
1580 1288 1647 1338 de
1680 1288 1897 1338 luxuria
1910 1278 1996 1338 10·

161 1374 328 1436 atque
363 1377 598 1425 avaritia
620 1378 932 1427 nostrorum
953 1376 1150 1427 civium
1178 1379 1401 1439 questus
1427 1388 1563 1442 sum,
1598 1375 1901 1439 multosque

161 1462 410 1513 mortalis
447 1476 515 1514 ea
551 1477 718 1517 causa
739 1464 1006 1515 advorsos
1029 1466 1234 1529 habe03
1274 1466 1366 1527 qui
1386 1466 1517 1515 mihi
1536 1468 1701 1526 atque
1719 1466 1901 1516 animo

161 1564 282 1603 meo
305 1552 508 1603 nullius
533 1564 762 1616 unquam
789 1552 974 1604 delicti
1005 1548 1238 1618 gratiam
1259 1554 1535 1617 fecissem,
1568 1554 1709 1603 haud
1733 1552 1903 1603 facile

163 1640 392 1691 alterius
413 1641 642 1693 lubidini
665 1642 808 1693 male
831 1642 984 1693 facta
1020 1645 1401 1694 condonabam.
1460 1642 1571 1693 Sed
1600 1654 1667 1693 ea
1689 1642 1904 1693 tametsi

164 1742 266 1781 vos
305 1732 466 1792 parvi
505 1732 856 1793 pendebatis,
914 1733 1092 1781 tamen
1143 1744 1238 1781 res
1284 1730 1503 1792 publica
1544 1730 1701 1780 firma
1748 1729 1977 1792 erat315

165 1819 446 1882 opulentia
493 1819 896 1882 neglegentiam
948 1819 1236 1869 tolerabat.
1306 1819 1465 1867 Nune
1514 1830 1649 1869 vero
1694 1829 1805 1867 non
1846 1818 1905 1867 id

165 1910 364 1974 agitur,
399 1910 625 1962 bonisne
661 1920 730 1957 an
769 1905 928 1957 malis
962 1908 1198 1957 moribus
1233 1908 1501 1974 vivamus,
1534 1917 1709 1969 neque
1732 1913 1905 1969 quan-

165 2003 276 2050 tum
311 2000 406 2050 aut
439 2009 598 2061 quam
632 1997 972 2060 magnificum
1013 1998 1299 2060 imperium
1332 1996 1521 2060 populi
1549 1997 1780 2046 Romani
1812 1997 1909 2062 sit,

164 2087 264 2140 sed
297 2089 434 2139 baec
469 2089 872 2150 quoiuscumque
906 2086 1054 2138 modi
1085 2087 1359 2153 vident-ur,
1388 2088 1579 2137 nostra
1610 2095 1683 2136 an
1716 2085 1907 2136 nobis·

165 2190 290 2228 cum
321 2189 429 2228 una
459 2175 692 2228 bostium
723 2171 910 2226 futura
939 2177 1069 2226 sint.
1133 2176 1238 2226 liic
1272 2175 1401 2224 mibi
1436 2176 1713 2237 quisquam
1746 2173 1981 2226 man-20

165 2267 504 2316 suetudinem
542 2268 600 2316 et
628 2264 1060 2316 ‚misericordiam
1093 2265 1349 2314 nominat.
1396 2263 1716 2325 Iampridem
1750 2263 1905 2324 equi-

165 2357 290 2406 dem
341 2366 442 2404 nos
489 2365 628 2404 vera
675 2353 952 2404 vocabula
999 2364 1182 2404 rerum
1229 2353 1505 2405 amisimus
1521 2386 1540 2416 ,
1592 2352 1721 2414 quia
1765 2351 1909 2400 bona

165 2442 356 2494 aliena
385 2443 580 2505 largiri
603 2443 925 2508 liberalitas,
959 2442 1226 2492 malarum
1257 2453 1439 2493 rerum
1474 2440 1706 2492 audacia
1740 2439 1907 2490 forti-

170 2531 306 2584 tudo
341 2532 606 2598 vocatur,
643 2543 709 2580 eo
741 2543 832 2582 res
867 2531 1084 2594 publica
1114 2531 1174 2580 in
1209 2531 1454 2580 extremo
1484 2531 1593 2580 sita
1627 2530 1728 2579 est.
1784 2528 1908 2580 Sint

167 2631 334 2684 sane,
373 2620 624 2682 quoniam
653 2621 734 2670 ita
761 2631 824 2670 se
856 2631 1036 2672 mores
1067 2620 1285 2686 habent,
1322 2617 1583 2669 liberales
1616 2628 1689 2666 ex
1720 2617 1981 2672 socio-25

167 2723 290 2763 rum
325 2709 590 2773 fortunis,
641 2709 752 2760 sint
785 2708 1170 2760 misericordes
1217 2710 1276 2758 in
1320 2707 1533 2759 furibus
1578 2705 1788 2763 aerari3
1836 2713 1909 2752 ne

168 2801 260 2852 illi
291 2799 609 2863 sanguinem
648 2800 892 2850 nestrum
922 2797 1258 2864 largiantur,
1312 2799 1371 2847 et
1404 2795 1529 2847 dum
1562 2795 1749 2858 paucis
1783 2803 1909 2844 sce-

170 2890 368 2942 leratis
401 2891 665 2953 pareunt,
716 2887 891 2938 bonos
921 2887 1092 2938 omnis
1137 2885 1403 2949 perditum
1456 2887 1601 2936 eant.
1671 2884 1817 2934 Bene
1851 2885 1913 2934 et

175 2979 473 3042 conposite
509 2979 575 3030 G.
607 2973 814 3030 Caesar
846 2976 1035 3040 paullo
1067 2979 1198 3030 ante
1233 2977 1297 3026 in
1326 2976 1433 3029 boo
1469 2974 1659 3026 ordine
1690 2973 1760 3024 de
1790 2973 1911 3025 vita

275 3214 312 3252 ι.
339 3214 508 3252 me
532 3212 582 3254 v.
614 3233 660 3244 -
707 3213 748 3250 s.
785 3210 932 3262 nuqua
950 3208 1004 3260 fic
1025 3209 1077 3252 v.
1104 3229 1178 3243 --
1198 3210 1238 3250 5.
1278 3209 1361 3248 esne
1382 3209 1433 3249 v.
1462 3215 1521 3240 -·
1560 3209 1621 3248 ιε.
1660 3207 1761 3248 ιιι-ε
1784 3207 1835 3246 e.
1864 3225 1912 3236 -

179 3283 238 3324 16.
277 3281 421 3324 Maon
453 3282 505 3322 V.
533 3303 580 3314 --
633 3281 699 3323 19.
732 3280 940 3322 odeum
963 3279 1066 3318 hoec
1097 3292 1249 3331 cumque
1274 3279 1335 3322 K.
1365 3299 1411 3310 —
1458 3279 1525 3318 2⁸.
1556 3273 1919 3317 reu-umvooabula

177 3351 224 3391 V.
253 3351 307 3392 Κ.
336 3371 382 3382 --
429 3351 493 3391 v.
523 3350 632 3401 (iuis
656 3349 782 3389 cedd.
810 3348 923 3388 Laid.
949 3348 1134 3389 sin-ieci.
1167 3347 1335 3396 Tui-ic.)
1720 3349 1727 3354 ‘
