2525 3925
901 352 1259 410 cA'rrmNA.
1532 324 1547 331 ’
1654 364 1661 369 ·
1883 372 1959 423 85

217 497 383 546 serat.
438 494 549 546 Res
585 499 760 547 autem
795 508 1100 563 opportuna
1127 507 1432 575 videbatur,
1469 513 1606 573 quod
1628 514 1677 564 is
1702 516 1957 579 privatim

215 584 445 647 egregia
479 581 839 653 liberalitate,
893 593 1108 653 publice
1148 600 1408 647 maxumis
1444 604 1750 655 muneribus
1786 618 1957 671 gran-

217 670 339 721 dem
375 676 656 735 pecuniam
700 676 938 729 debebat.
1011 683 1119 731 Sed
1165 685 1253 734 ubi
1306 687 1582 739 consulem
1634 692 1701 741 ad
1750 695 1954 747 tantum

215 760 430 811 facinus
467 764 735 825 inpellere
770 773 1054 834 nequeunt,
1088 773 1193 833 ipsi
1231 774 1543 838 singulatim
1572 778 1951 833 circumeundo

211 852 378 911 atque
415 855 784 922 ementiundo,
839 868 978 919 quae
1025 872 1086 907 se
1133 872 1202 909 ex
1239 862 1527 914 Volturcio
1562 868 1656 916 aut
1688 868 2023 925 Allobro-5·

212 938 374 1001 gibus
391 940 606 989 audisse
625 943 884 1009 dicerent,
903 958 1149 1010 magnam
1173 948 1258 998 illi
1283 952 1536 1002 invidiam
1559 958 1952 1024 conflaverant,

213 1036 386 1087 usque
419 1028 584 1089 adeo,
641 1035 698 1079 ut
723 1032 978 1082 nonnulli
1024 1038 1234 1097 equites
1268 1038 1525 1107 Romani,
1579 1046 1669 1104 qui
1716 1045 1952 1107 praesidi

213 1126 386 1163 causa
419 1128 536 1165 cum
577 1118 702 1168 telis
745 1125 903 1171 erant
951 1126 1154 1191 circum
1203 1124 1392 1177 aedem
1428 1126 1798 1193 Concordiae,
1852 1146 1951 1185 seu

212 1204 449 1264 periculi
479 1208 846 1269 magnitudine
879 1222 974 1260 seu
1011 1214 1174 1262 animi
1205 1215 1505 1266 mobilitate
1558 1218 1787 1283 inpulsi,
1844 1234 1949 1284 quo

209 1290 445 1341 studium
481 1306 630 1343 suum
667 1297 720 1343 in
758 1310 868 1346 rem
905 1299 1172 1360 publicam
1210 1301 1413 1353 clarius
1444 1310 1607 1371 esset,
1643 1310 2026 1372 egredienti10

209 1390 284 1428 ex.
317 1386 506 1430 senatu
543 1378 767 1433 Caesari
801 1384 984 1451 gladio
1020 1390 1416 1442 minitarentur.

313 1467 406 1517 50.
461 1470 595 1519 Dum
648 1473 782 1524 baec
827 1477 881 1523 in
931 1482 1122 1526 senatu
1171 1486 1407 1541 aguntur
1459 1484 1517 1533 et
1571 1482 1691 1534 dum
1746 1485 1949 1549 legatis

206 1554 562 1621 Allobrogum
615 1564 671 1609 et
713 1562 772 1610 Τ.
813 1564 1127 1627 Volturcio,
1185 1570 1517 1629 conprobato
1565 1584 1749 1623 eorum
1802 1575 1949 1624 indi·-

207 1647 330 1708 cio,
370 1648 610 1706 praemia
647 1651 1038 1717 decernuntur,
1076 1654 1258 1703 liberti
1294 1661 1351 1705 et
1385 1662 1543 1719 pauci
1568 1672 1636 1709 ex
1658 1662 1947 1712 clientibus

206 1713 428 1782 Lentuli
451 1734 688 1785 divorsis
721 1740 1004 1789 itineribus
1042 1743 1262 1803 opifices
1289 1751 1448 1807 atque
1471 1750 1701 1797 servitia
1722 1750 1779 1797 in
1802 1750 1943 1798 vicis
1959 1759 2021 1809 15

205 1821 276 1869 ad
329 1833 450 1873 eum
500 1824 836 1884 eripiundum
888 1826 1287 1892 sollicitabant,
1345 1836 1536 1892 partim
1594 1837 1947 1897 exquirebant

203 1910 372 1959 duces
419 1911 849 1978 multitudinum,
907 1918 998 1978 qui
1052 1918 1226 1978 pretio
1277 1932 1388 1968 rem
1438 1918 1704 1982 publicam
1741 1936 1947 1974 vexare

203 1998 355 2050 soliti
378 2006 547 2050 erant.
603 1999 873 2065 Cethegus
897 2009 1074 2054 autem
1114 2019 1209 2067 per
1243 2010 1461 2058 nuntios
1483 2011 1741 2061 familiam
1780 2016 1946 2075 atque

204 2087 430 2138 libertos
467 2103 610 2153 suos,
646 2092 822 2141 lectos
859 2098 914 2142 et
949 2097 1279 2144 exercitatos
1316 2098 1372 2144 in
1398 2097 1697 2167 audaciam,
1735 2103 1946 2168 orabat,

203 2181 266 2226 ut
301 2189 470 2241 grege
506 2181 652 2230 facto
686 2193 804 2230 cum
844 2183 969 2232 telis
1005 2186 1070 2233 ad
1109 2195 1232 2234 sese
1269 2187 1651 2248 inrumperent.
1718 2187 1939 2254 Consul,
1954 2202 2021 2254 20

201 2268 298 2317 ubi
335 2279 402 2317 ea
437 2271 619 2330 parari
659 2273 940 2334 cognovit,
979 2261 1253 2333 dispositis
1288 2275 1603 2338 praesidiis,
1640 2278 1697 2326 ut
1730 2287 1821 2325 res
1856 2281 1946 2326 at-

203 2367 314 2416 que
341 2357 548 2419 tempus
583 2362 862 2423 monebat,
901 2363 1204 2410 convocato
1239 2365 1435 2412 senatu
1470 2365 1671 2430 refert,
1716 2365 1841 2426 quid
1878 2363 1945 2413 de

205 2443 292 2491 his
329 2443 449 2492 fieri
483 2446 722 2510 placeat,
776 2450 864 2510 qui
905 2450 960 2498 in
1012 2449 1311 2500 custodiam
1358 2451 1543 2500 traditi
1592 2455 1762 2501 erant.
1835 2451 1945 2502 Sed

207 2543 308 2580 eos
342 2531 529 2593 paullo
565 2523 693 2582 ante
725 2537 978 2597 frequens
1001 2546 1224 2586 senatus
1248 2539 1590 2588 iudicaverat
1614 2545 1807 2590 contra
1830 2553 1943 2591 rem

203 2619 474 2682 publicam
513 2622 725 2671 fecisse.
797 2626 925 2674 Tum
961 2627 1026 2675 D.
1064 2628 1250 2676 Iunius
1286 2626 1537 2692 Silanus,
1573 2630 1775 2688 primus
1811 2640 2018 2694 sen-25

125 2713 143 2725 ⁸
205 2712 432 2760 tentiam
481 2718 732 2775 rogatus,
783 2716 922 2775 quod
978 2727 1042 2763 eo
1095 2721 1337 2778 tempore
1394 2715 1583 2764 consul
1629 2717 1945 2778 designatus

205 2805 358 2859 erat,
398 2799 464 2850 de
501 2801 611 2865 his,
649 2803 738 2863 qui
775 2804 829 2850 in
869 2805 1129 2853 custodiis
1166 2805 1521 2868 tenebantur,
1555 2807 1843 2865 praeterea
1878 2806 1945 2853 de

203 2891 266 2938 1..
306 2887 522 2952 Cassio,
561 2893 613 2938 Ρ.
649 2891 849 2954 Furio,
884 2893 938 2940 P.
976 2894 1273 2955 Umbreno,
1312 2889 1378 2956 Q.
1417 2893 1623 2953 Annio,
1663 2893 1711 2940 si
1749 2894 1943 2954 ‹lepre-

205 2978 360 3028 bensi
405 2980 606 3044 forent,
644 2981 964 3041 supplicium
1003 2985 1317 3030 sumundum
1375 2980 1729 3044 decreverat;
1783 2983 1942 3044 isque

202 3070 421 3130 postea,
459 3071 728 3128 permotus
760 3071 1009 3118 oratione
1045 3069 1107 3118 Gi.
1148 3067 1429 3136 Caesaris,
1463 3070 1687 3131 pedibus
1718 3071 1776 3120 in
1810 3082 1936 3120 sen-
1951 3079 2018 3133 30

301 3211 339 3251 ὓ.
367 3211 580 3250 mentiendo
605 3212 654 3252 V.
687 3235 731 3244 -
767 3213 807 3252 9.
836 3211 1082 3264 mobilitate]
1107 3213 1154 3253 V.
1184 3213 1236 3253 K.
1265 3211 1469 3252 nobilitata
1497 3214 1547 3254 G.
1578 3237 1623 3246 —
1673 3215 1735 3254 1⁴.
1765 3215 1942 3254 ubertim·

203 3279 255 3319 V.
287 3301 331 3312 -
383 3280 444 3319 19.
483 3279 623 3318 elecem
649 3281 696 3318 V.
727 3303 774 3312 —
825 3282 890 3321 20.
931 3293 976 3320 se
1001 3282 1047 3320 V.
1081 3303 1126 3312 -
1175 3281 1238 3319 81.
1280 3283 1341 3320 uti
1364 3283 1414 3322 V.
1447 3305 1491 3314 --
1542 3277 1606 3322 2³.
1634 3285 1687 3322 iis
1712 3283 1760 3322 V.
1785 3302 1836 3313 —
1870 3284 1941 3334 quen·

204 3347 407 3388 cutodn'ae
431 3349 480 3388 V.
512 3369 557 3378 —
606 3349 669 3387 n.
710 3349 762 3388 δίε
799 3351 851 3391 V.
883 3371 928 3380 -
979 3353 1018 3386 ee
1037 3354 1248 3398 praeterea
1273 3351 1323 3389 V.
