2525 3925
489 332 596 385 800
1030 327 1393 383 EPITOMAE
1432 330 1489 379 Τ.
1521 330 1701 383 mvn

489 480 704 529 occisus
731 480 832 542 est,
861 480 918 527 et
943 478 1226 539 imperium
1254 478 1321 526 ad
1348 478 1643 527 Fimbriam
1674 476 2013 527 translatum.
2062 476 2237 528 Prae-

489 572 641 617 terea
671 570 1014 629 expugnatae
1047 566 1102 613 iu
1131 567 1264 614 Asia
1303 569 1462 616 urbes
1498 578 1532 615 a
1566 566 1902 631 Mithridate,
1938 569 1995 615 et
2034 565 2237 615 crude-

485 656 618 705 liter
649 654 858 715 direpta
897 654 1182 714 provincia
1217 655 1669 715 incursionesque
1706 653 1976 703 Thracum
2012 656 2069 703 ‘m
2108 654 2235 703 Ma-

487 744 765 793 cedoniam
805 743 1132 792 referuntur.

447 892 477 936 5
1075 893 1122 941 L
1141 892 1159 939 i
1179 892 1210 941 b
1227 902 1258 941 e
1278 904 1307 939 r
1355 892 1647 941 Lxxxm.

587 997 648 1048 C.
680 999 916 1049 Fimbria
955 1000 1014 1047 in
1046 1000 1178 1047 Asia
1222 998 1361 1046 fusis
1406 998 1615 1059 proelio
1678 997 1888 1060 aliquot
1936 999 2236 1061 praefectis

481 1086 810 1137 Mithridatis
857 1088 1036 1137 urbem
1063 1086 1387 1149 Pergamum
1424 1087 1587 1152 cepit,
1622 1088 2007 1148 obsessumque
2046 1098 2233 1151 regem

483 1184 590 1221 non
627 1174 850 1223 multum
887 1174 1059 1223 abfuit
1093 1175 1219 1235 quin
1255 1177 1493 1235 caperet.
1564 1174 1759 1223 Urbem
1792 1174 1952 1241 Ilion,
1989 1187 2133 1237 quae
2172 1186 2233 1224 se

485 1262 744 1322 potestati
775 1260 968 1311 Sullae
1013 1263 1368 1327 reservabat,
1394 1250 1753 1323 'expugnavit
1789 1274 1857 1311 ac
1893 1262 2135 1329 delevit,
2176 1267 2233 1313 et

406 1349 473 1399 10
487 1359 736 1410 magnam
789 1354 996 1411 partem
1044 1352 1214 1401 Asiae
1261 1352 1489 1411 recepit.
1560 1349 1721 1399 Sulla
1764 1349 1949 1399 multis
2002 1351 2232 1412 proeliis

485 1437 726 1487 Thracas
771 1440 989 1489 cecidit.
1061 1436 1196 1486 Cum
1237 1439 1299 1487 L.
1340 1436 1514 1487 Cinna
1548 1442 1605 1487 et
1638 1435 1730 1487 Cn.
1764 1438 2017 1499 Papirius
2052 1436 2231 1489 Carbo

486 1526 554 1575 ab
587 1538 649 1574 se
686 1527 821 1587 ipsis
857 1526 1107 1575 consules
1152 1538 1246 1588 per
1284 1527 1555 1575 biennium
1592 1526 1765 1577 creati
1800 1525 1999 1575 bellum
2038 1530 2231 1577 contra

487 1611 694 1663 Sullam
733 1618 1017 1681 pararent,
1068 1610 1321 1663 effectum
1372 1618 1459 1664 est
1502 1627 1601 1676 per
1638 1616 1697 1662 L.
1733 1614 2023 1665 Valerium
2060 1616 2230 1665 Flac-

487 1714 608 1750 cum
641 1704 946 1765 principem
981 1706 1221 1767 senatuS,
1259 1702 1352 1764 qui
1386 1704 1685 1751 orationem
1714 1703 1769 1750 in
1796 1708 1989 1751 senatu
2022 1704 2231 1768 habuit,

400 1795 466 1845 15
482 1793 537 1839 et
575 1802 672 1851 per
709 1803 806 1840 eos
845 1792 938 1853 qui
975 1788 1301 1840 concordiae
1337 1788 1652 1853 studebant,
1692 1794 1751 1839 ut
1784 1790 1953 1854 legati
1991 1790 2061 1839 ad
2096 1790 2229 1840 Sul-

474 1876 583 1927 lam
621 1879 688 1927 de
727 1890 865 1941 pace
897 1880 1256 1929 mitterentur.
1330 1877 1503 1927 Cinna
1534 1880 1600 1928 ab
1640 1880 1883 1928 exercitu
1912 1890 2030 1943 suo,
2070 1892 2227 1940 quem

479 1967 706 2016 invitum
743 1969 977 2031 cogebat
1013 1981 1180 2017 naves
1219 1967 1589 2018 conscendere
1626 1971 1681 2016 et
1718 1970 1982 2017 adversus
2010 1967 2225 2018 Sullam

477 2055 771 2119 proficisci,
806 2056 1124 2105 interfectus
1151 2060 1250 2105 est.
1328 2054 1684 2104 Consulatum
1712 2054 1885 2104 Carbo
1914 2057 2069 2106 solus
2094 2069 2301 2120 ges-670

476 2141 564 2190 sit.
639 2142 795 2191 Sulla
843 2155 962 2191 cum
1011 2145 1068 2191 in
1107 2145 1290 2193 Asiam
1333 2145 1673 2210 traiecisset,
1722 2155 1917 2206 pacem
1956 2157 2079 2193 cum
2114 2146 2226 2193 Mi-

400 2231 466 2278 20
482 2229 714 2277 thridate
752 2229 901 2292 fecit,
949 2231 1032 2278 ita
1069 2236 1126 2280 ut
1162 2232 1210 2280 is
1245 2233 1465 2280 cederet
1501 2233 1796 2292 provinciis
1833 2233 1987 2292 Asia,
2027 2234 2226 2295 Bithy-

473 2317 583 2380 nia,
621 2313 984 2379 Cappadocia.
1053 2319 1297 2370 Fimbria
1329 2321 1577 2370 desertus
1614 2323 1682 2371 ab
1722 2322 1984 2380 exercitu,
2027 2322 2121 2382 qui
2154 2321 2225 2370 ad

474 2403 682 2454 Sullam
722 2409 1043 2470 transierat,
1082 2409 1200 2469 ipse
1235 2421 1298 2458 se
1338 2411 1609 2469 percussit
1620 2423 1640 2471 3
1695 2409 2117 2472 impetravitque
2158 2409 2223 2458 de

472 2503 635 2543 servo
673 2505 804 2562 suo,
851 2497 1115 2557 praebens
1157 2497 1459 2560 cervicem,
1508 2497 1567 2544 ut
1600 2507 1661 2545 se
1701 2496 1997 2546 occideret.

1056 2661 1102 2712 L
1124 2661 1143 2711 i
1165 2663 1197 2712 b
1219 2675 1250 2711 e
1272 2675 1301 2710 r
1346 2655 1638 2712 LXXXIV.

400 2771 465 2818 25
550 2767 707 2818 Sulla
755 2768 988 2832 legatie,
1043 2771 1131 2831 qui
1170 2782 1204 2817 a
1241 2774 1434 2817 senatu
1473 2769 1623 2818 missi
1660 2770 1845 2835 erant,
1891 2769 2127 2820 futurum
2164 2783 2225 2820 se

475 2856 532 2904 in
571 2859 848 2916 potestate
895 2862 1118 2907 senatus
1167 2855 1475 2920 respondit,
1528 2857 1576 2905 si
1627 2859 1813 2924 cives,
1866 2859 1957 2918 qui
1994 2858 2141 2920 pulsi
2189 2871 2225 2908 a

475 2935 647 2992 Cinna
684 2947 750 2994 ad
788 2957 849 2994 se
887 2947 1277 3011 confugerant,
1325 2945 1763 2994 restituerentur.
1834 2939 1989 3008 Quae
2027 2948 2221 2995 condi-

475 3029 562 3079 cio
601 3043 720 3080 cum
769 3033 914 3082 iusta
946 3035 1159 3082 senatui
1197 3032 1505 3100 videretur,
1548 3045 1645 3096 per
1680 3031 1978 3082 Carbonem
2014 3035 2221 3084 factio-

477 3127 702 3180 nemque
743 3119 877 3185 eiuS,
915 3123 1003 3172 cui
1037 3120 1236 3171 bellum
1277 3119 1563 3170 videbatur
1600 3119 1805 3184 utilius,
1842 3132 1911 3168 ne
1950 3123 2219 3171 conveni-

397 3209 589 3274 30ret,
639 3205 890 3258 effectum
940 3209 1038 3258 est.
1111 3208 1266 3258 Idem
1304 3205 1479 3258 Carbo
1515 3220 1634 3257 cum
1671 3212 1738 3258 ab
1776 3209 2022 3258 omnibus
2063 3212 2219 3272 oppi-

472 3297 558 3348 dis
592 3296 786 3348 Italiae
825 3294 1160 3358 coloniisque
1200 3297 1417 3348 obsides
1457 3295 1677 3360 exigere
1714 3295 1914 3361 vellet,
1960 3299 2021 3348 ut
2057 3296 2219 3350 fidem
