2525 3925
630 326 919 379 amun
951 325 1473 379 momvfflmuu.
1820 326 1922 377 1ae

144 476 411 527 aetatem
440 476 637 539 agunt,
690 475 845 536 quasi
878 478 1108 526 vostros
1135 474 1372 523 honores
1409 476 1790 536 contemnant3
1841 474 1922 523 ita

146 566 272 615 hos
310 566 533 630 petunt,
568 565 722 625 quasi
759 564 985 613 honeste
1023 565 1281 613 vixerint.
1333 563 1454 613 Nae
1490 560 1576 611 illi
1613 561 1743 613 falsi
1777 566 1920 626 sunt,

149 652 265 715 qui
300 651 725 702 divorsissumas
758 663 851 703 res
886 654 1093 715 pariter
1127 652 1477 717 exspectant,
1525 652 1786 714 ignaviae
1817 663 1922 701 vo·-

150 741 451 804 luptatem
486 743 545 790 et
579 742 821 803 praemia
850 742 1087 791 virtutis.
1155 740 1338 803 Atque
1370 740 1552 805 etiam,
1587 751 1748 802 quom
1781 741 1922 800 apud

154 843 277 881 vos
330 832 429 881 aut
478 830 539 879 'm
590 826 787 880 senatu
843 830 1011 880 verba
1060 831 1301 894 faciunt,
1351 828 1616 892 pleraque
1672 826 1962 878 oratione5

160 920 415 969 maiores
450 930 581 967 suos
614 917 909 982 extenuant,
954 930 1149 969 eorum
1185 917 1356 968 fortia
1393 918 1544 967 facta
1575 915 1922 967 memorando

166 1007 447 1057 clariores
492 1018 619 1057 sese
666 1009 875 1069 putant.
950 1004 1104 1070 Quod
1150 1008 1342 1057 contra
1383 1008 1498 1069 est3
1549 1017 1674 1057 nam
1719 1007 1920 1068 quanto

164 1097 295 1145 vita
328 1094 549 1145 illorum
586 1095 951 1162 praeclarior,
988 1099 1141 1147 tanto
1176 1097 1364 1146 horum
1398 1096 1650 1146 socordia
1683 1095 1923 1158 flagitio-

164 1186 307 1235 sior.
380 1184 453 1233 Et
504 1185 753 1247 profecto
802 1184 883 1233 ita
932 1198 995 1235 se
1042 1196 1135 1235 res
1186 1184 1380 1235 habett
1435 1184 1692 1234 maiorum
1741 1182 1924 1247 gloria

166 1273 419 1337 posteris
454 1274 611 1336 quasi
640 1273 823 1323 lumen
858 1276 961 1340 est,
992 1286 1171 1336 neque
1201 1274 1344 1323 bona
1365 1284 1538 1336 neque
1563 1271 1712 1321 mala
1733 1284 1917 1323 eorum
1935 1273 2004 1323 10

169 1364 235 1411 in
283 1362 509 1412 occulto
560 1363 779 1425 patitur.
850 1363 1089 1413 Huiusce
1138 1363 1223 1411 rei
1275 1373 1380 1425 ego
1435 1360 1678 1423 inopiam
1723 1361 1926 1425 fateor,

174 1446 445 1513 Quirites,
486 1462 673 1501 verum
706 1451 777 1515 id,
816 1451 959 1514 quod
992 1450 1163 1503 multo
1198 1450 1538 1513 praeclarius
1559 1453 1661 1515 est,
1694 1454 1926 1499 meamet

172 1539 333 1589 facta
364 1540 501 1587 mihi
531 1538 719 1589 dicere
752 1538 903 1589 licet.
952 1542 1111 1591 Nune
1151 1541 1354 1604 videte,
1390 1551 1554 1601 quam
1589 1540 1764 1601 iniqui
1799 1538 1925 1589 sint.

176 1623 342 1690 Quod
376 1639 447 1677 ex
480 1626 665 1677 aliena
698 1630 901 1679 virtute
937 1630 1043 1679 sibi
1078 1630 1378 1692 adrogant,
1431 1627 1488 1677 id
1533 1628 1666 1678 mihi
1699 1639 1771 1676 ex
1802 1638 1926 1677 mea

172 1727 288 1767 non
340 1714 675 1779 concedunt,
726 1715 944 1767 scilicet
990 1719 1115 1780 quia
1173 1719 1440 1779 imagines
1485 1728 1596 1766 non
1640 1716 1813 1767 habeo
1865 1716 2000 1767 et15

177 1806 311 1868 quia
362 1804 497 1855 mihi
542 1816 691 1855 nova
744 1803 1003 1855 nobilitas
1056 1809 1169 1873 est,
1222 1817 1386 1868 quam
1440 1808 1592 1854 certe
1643 1806 1924 1866 peperisse

173 1893 375 1945 melius
424 1895 511 1943 est
566 1905 729 1956 quam
772 1897 1059 1956 acceptam
1104 1894 1440 1955 conrupisse.
1509 1893 1771 1956 Equidem
1821 1905 1929 1959 ego

172 1995 291 2035 non
324 1985 544 2048 ignoro,
582 1985 633 2032 si
666 1985 775 2034 iam
810 1984 941 2034 mihi
974 1985 1306 2046 respondere
1340 1982 1534 2048 velint,
1565 1984 1779 2034 abunde
1811 1983 1928 2034 illis

174 2073 475 2124 facundam
510 2073 569 2122 et
600 2073 935 2134 conpositam
961 2072 1265 2123 orationem
1286 2072 1426 2122 fore.
1468 2071 1579 2122 Sed
1602 2072 1660 2121 in
1679 2084 1927 2123 maxumo

174 2165 373 2212 vostro
407 2160 700 2228 beneficio,
736 2171 901 2222 quom
936 2161 1181 2210 omnibus
1214 2159 1356 2211 locis
1389 2173 1476 2210 me
1511 2173 1720 2224 vosque
1749 2162 1924 2213 male-
1935 2161 2006 2212 20

178 2251 345 2300 dictis
373 2249 639 2313 lacerent,
676 2261 783 2299 non
819 2249 1029 2312 placuit
1062 2253 1318 2315 reticere,
1352 2262 1422 2299 ne
1455 2252 1576 2312 quis
1611 2250 1928 2303 modestiam

176 2339 237 2389 in
273 2340 667 2390 conscientiam
692 2337 930 2388 duceret.
986 2339 1126 2388 Nam
1162 2351 1247 2388 me
1283 2337 1494 2400 quidem
1529 2351 1599 2388 ex
1632 2339 1798 2388 animi
1820 2339 1928 2388 mei

178 2428 461 2478 sententia
494 2427 649 2478 nulla
684 2427 864 2478 oratio
898 2426 1121 2478 laedere
1157 2429 1340 2489 potest
1357 2441 1376 2489 3
1419 2428 1616 2490 quippe
1657 2439 1796 2478 vera
1827 2438 1929 2477 ne-

178 2529 337 2567 cesse
387 2519 473 2566 est
528 2519 665 2568 bene
717 2514 1028 2578 praedicet,
1087 2515 1285 2566 falsam
1330 2517 1450 2565 vita
1493 2527 1778 2578 moresque
1821 2517 1927 2566 mei

176 2609 459 2668 superant.
530 2605 641 2655 Sed
677 2605 927 2667 quoniam
964 2606 1153 2654 vostra
1190 2603 1421 2654 consilia
1455 2607 1800 2672 accusantur,
1835 2605 1924 2666 qui
1937 2603 2004 2656 25

180 2695 319 2744 mihi
362 2705 625 2744 summum
670 2694 927 2744 honorem
974 2695 1031 2744 et
1073 2705 1393 2742 maxumum
1442 2693 1723 2757 negotium
1767 2693 1929 2756 inpo-

178 2784 401 2846 suistis,
441 2783 609 2832 etiam
644 2784 805 2845 atque
841 2783 1007 2834 etiam
1044 2786 1320 2845 reputate,
1353 2795 1482 2834 num
1515 2793 1702 2831 eorum
1736 2783 1930 2843 poeni-

180 2870 405 2923 tundum
453 2873 547 2922 sit.
612 2871 735 2920 Non
781 2883 998 2934 possum
1044 2870 1175 2922 fidei
1227 2882 1396 2922 causa
1437 2871 1705 2935 imagines
1751 2881 1929 2934 neque

282 3131 321 3169 ἰ.
347 3129 414 3167 Ne
438 3127 493 3167 Κ.
527 3150 571 3160 -
620 3127 660 3168 3.
688 3132 875 3179 expetam
898 3127 949 3168 V.
976 3147 1027 3160 ·-
1074 3127 1138 3168 10.
1166 3125 1266 3166 bona
1291 3138 1423 3166 eorum
1445 3139 1571 3178 nequo
1593 3127 1702 3167 mala
1726 3127 1776 3168 V.
1799 3127 1852 3168 Κ.
1884 3149 1929 3158 -

184 3199 246 3238 ss.
280 3196 439 3249 [mor]
476 3195 579 3238 cod.
603 3195 738 3236 vatio.
776 3196 825 3237 G.
861 3199 997 3245 patior
1022 3195 1130 3249 bple.
1172 3195 1223 3235 V.
1252 3195 1305 3234 K.
1331 3215 1380 3225 —
1443 3197 1504 3236 19.
1543 3195 1778 3248 facundiam
1800 3197 1853 3236 V.
1886 3220 1928 3229 —

184 3268 250 3306 n.
279 3266 404 3318 [mei]
430 3267 481 3308 G.
507 3285 559 3296 -—
596 3265 660 3305 23.
688 3263 848 3306 laedere
870 3265 982 3305 nulla
1004 3266 1134 3306 oratio
1158 3265 1207 3306 V.
1232 3263 1307 3315 (nt
1329 3265 1496 3316 praebet
1521 3265 1623 3306 cod.
1653 3264 1865 3306 Laidem·
1891 3267 1928 3306 i.

186 3347 309 3390 nepe
334 3348 427 3376 cum
453 3333 641 3376 victorio
664 3333 947 3386 conspirans.)
