2525 3925
864 334 1234 388 Limonum
1272 334 1429 385 CXL.
1913 335 2028 388 26⁸5

286 482 406 533 stat
439 480 620 531 oratio
635 507 644 519 ι
657 480 793 531 eius.
861 480 1156 531 Praeterea
1194 493 1287 531 res
1324 483 1513 530 contra
1547 480 1800 546 Ligures,
1841 484 2032 549 Istros,

291 570 503 629 Sardos
549 572 606 619 et
651 566 952 619 Celtiberos
1009 582 1043 619 a
1091 570 1461 631 compluribus
1510 570 1735 619 ducibus
1773 582 2031 632 prospere

287 661 482 721 gestas
516 661 574 707 et
606 658 760 707 initia
797 657 926 707 belli
952 658 1297 707 Macedonici
1332 659 1593 724 continet,
1628 656 1769 721 quod
1802 657 2032 709 Perseus

290 744 534 807 Philippi
579 746 726 795 filius
771 746 1108 797 moliebatur.
1179 748 1411 797 Miserat
1446 747 1589 795 enim
1630 745 1699 795 ad
1736 744 2033 809 Karthagi-

287 836 514 885 nienses
549 834 898 901 legationem,
933 838 991 885 et
1027 835 1094 884 ab
1125 837 1194 885 iis
1231 839 1393 885 nocte
1416 837 1603 888 audita
1632 838 1767 885 erat.
1836 834 1945 885 Sed
1974 837 2071 883 eto

291 922 435 973 alias
474 924 746 975 Graeciae
784 924 1040 974 civ1tates
1075 924 1428 975 sollicitabat.

941 1091 1178 1141 Liber
1223 1092 1391 1141 XLII.

401 1196 466 1261 Q.
499 1196 732 1247 Fulvius
779 1198 1014 1248 Flaccus
1063 1210 1260 1249 censor
1314 1198 1569 1260 templum
1606 1200 1830 1249 Iunonis
1868 1198 2035 1247 Laci-

292 1286 421 1335 niae
459 1285 660 1350 tegulis
695 1289 1014 1336 marmoreis
1050 1285 1329 1350 spoliavit,
1370 1289 1429 1335 ut
1464 1288 1648 1337 aedem
1687 1299 1849 1348 quam
1882 1286 2035 1337 dedi-

294 1375 460 1423 cabat
497 1375 726 1438 tegeret.
796 1374 1036 1438 'regulae
1077 1388 1144 1425 ex
1180 1380 1400 1425 senatus
1434 1374 1681 1425 consulto
1706 1376 2111 1437 reportatae.10

216 1460 566 1513 ⁵82Eumenes
611 1462 778 1513 Asiae
828 1474 926 1511 rex
978 1464 1034 1511 in
1079 1466 1274 1512 senatu
1324 1463 1390 1513 de
1436 1462 1634 1512 Perseo
1683 1464 2037 1513 Macedoniae

293 1562 430 1613 rege
469 1552 687 1612 questus
725 1555 845 1613 est3
896 1552 1049 1600 cuius
1084 1552 1319 1600 iniuriae
1353 1553 1410 1599 in
1447 1549 1702 1613 populum
1738 1552 2036 1601 Romanum

291 1641 628 1689 referuntur.
703 1638 782 1689 Ob
821 1651 955 1701 quas
993 1638 1138 1687 bello
1176 1642 1228 1688 ei
1262 1638 1469 1687 indicto
1507 1639 1563 1686 P.
1590 1638 1836 1687 Licinius
1870 1636 2036 1687 Cras—

293 1741 391 1777 sus
417 1726 624 1789 consul,
663 1729 750 1775 cui
775 1726 830 1775 id
855 1726 1164 1775 mandatum
1201 1730 1341 1790 erat,
1373 1729 1429 1774 in
1453 1726 1831 1775 Macedoniam
1855 1729 2033 1775 trans-

293 1816 390 1878 iit,
437 1814 760 1877 levibusque
797 1815 1256 1881 expeditionibuS,
1304 1814 1647 1877 equestribus
1684 1812 1937 1879 proeliis,
1980 1813 2111 1863 in15

293 1902 581 1953 Thessalia
633 1916 759 1953 cum
805 1904 1005 1952 Perseo
1054 1914 1243 1964 parum
1296 1902 1450 1953 felici
1505 1905 1707 1953 eventu
1755 1902 2037 1966 pugnavit.

291 1995 450 2042 Inter
477 1993 826 2042 Masinissam
861 1997 918 2042 et
951 1992 1440 2055 Karthaginienses
1478 1992 1544 2042 de
1579 2005 1713 2056 agro
1746 1993 1852 2041 fuit
1891 1993 2039 2042 arbi-

295 2087 387 2130 ter
423 2081 490 2129 ad
532 2081 941 2143 disceptandum
977 2095 1010 2130 a
1048 2083 1241 2130 senatu
1290 2082 1463 2131 datus.
1548 2082 1745 2144 Legati
1784 2082 1934 2130 missi
1970 2081 2038 2130 ad

297 2171 555 2219 civitates
589 2172 771 2220 socias
809 2173 864 2219 et
902 2183 1060 2232 reges
1096 2172 1386 2234 rogandos,
1424 2172 1482 2220 ut
1516 2173 1571 2220 in
1611 2170 1715 2220 fide
1753 2181 2039 2232 permane—

292 2262 440 2320 rent,
477 2257 842 2307 dubitantibus
878 2259 1119 2308 Rhodiis.
1188 2259 1442 2311 Lustrum
1480 2272 1514 2307 a
1550 2259 1864 2308 censoribus
1902 2255 2115 2308 con-20

295 2347 467 2396 ditum
511 2348 627 2395 est:
681 2359 844 2396 censa
880 2351 1007 2395 sunt
1055 2347 1252 2394 civium
1292 2349 1472 2408 capita
1508 2349 1742 2397 ducenta
1777 2351 2040 2409 quinqua-

296 2434 455 2496 ginta
489 2438 695 2498 septem
731 2432 882 2484 milia
927 2437 1162 2484 ducenta
1205 2436 1434 2497 triginta
1481 2446 1657 2483 unum.
1727 2435 1837 2484 Res
1876 2446 2038 2496 prae-

300 2527 458 2572 terea
493 2523 758 2574 adversus
797 2521 996 2573 Corsos
1033 2525 1090 2573 et
1117 2525 1353 2586 Ligures
1390 2533 1648 2585 prospere
1683 2526 1867 2586 gestas
1905 2533 2039 2574 con-

297 2609 454 2659 tinet.
845 2609 856 2618 ‘
1332 2619 1343 2634 ‘

932 2746 1163 2797 Liber
1213 2747 1407 2797 xum.
2051 2759 2117 2808 25

406 2875 704 2924 Praetores
740 2871 970 2937 aliquot,
1007 2884 1072 2922 eo
1111 2872 1251 2934 quod
1288 2869 1465 2924 avare
1493 2875 1550 2922 et
1585 2873 1885 2924 crudeliter
1916 2885 2045 2938 pro—

201 2945 520 3034 {Qvincias
545 2963 1030 3024 administrassent,
1067 2961 1306 3013 damnati
1328 2966 1471 3013 sunt.
1529 2962 1587 3013 P.
1610 2963 1853 3012 Licinius
1876 2960 2045 3013 Cras-

302 3064 396 3102 sus
441 3049 734 3112 proconsul
781 3050 1087 3112 complures
1128 3053 1184 3099 in
1223 3051 1459 3101 Graecia
1504 3052 1666 3101 urbes
1712 3053 2047 3115 expugnavit

303 3144 361 3191 et
397 3138 695 3190 crudeliter
727 3139 982 3200 diripuit:
1025 3140 1092 3189 ob
1125 3140 1182 3188 id
1217 3140 1441 3202 captivi,
1479 3142 1573 3201 qui
1607 3140 1673 3190 ab
1708 3151 1777 3190 eo
1810 3141 1911 3190 sub
1948 3152 2055 3190 co·-

304 3240 444 3280 rona
492 3229 779 3278 veniel-ant
794 3262 812 3294 ,
865 3239 936 3276 ex
983 3232 1204 3280 senatus
1261 3227 1511 3278 consulto
1558 3231 1749 3291 postea
1799 3229 2040 3280 restituti
2052 3233 2119 3281 80

301 3320 445 3368 sunt.
527 3317 662 3374 item
715 3330 750 3368 a
800 3316 1096 3381 praefectis
1149 3317 1409 3370 classium
1456 3319 1821 3371 Romanarum
1875 3316 2051 3370 multa
