2525 3925
996 746 1516 814 PRAEFATIO.

472 1051 603 1102 Cum
641 1050 868 1102 Salustii
919 1052 1091 1101 libros
1143 1052 1429 1112 quotannis
1477 1050 1894 1109 interpretemur
1944 1046 2110 1096 disci-

372 1158 518 1222 pulis
542 1128 827 1221 Gfflnasii
861 1158 1187 1222 Turicensis,
1225 1156 1319 1207 alii
1365 1158 1539 1205 autem
1578 1156 1702 1204 aliis
1739 1154 2019 1220 exemplis,
2056 1158 2111 1202 et

368 1266 632 1315 interdum
667 1267 934 1331 pessimis,
965 1276 1072 1313 non
1097 1267 1214 1314 sine
1237 1276 1435 1327 magno
1472 1265 1715 1325 ipsorum
1764 1260 2110 1311 incommodo

367 1372 720 1435 magistrique
755 1352 940 1420 taedio*
971 1370 1143 1419 adhuc
1182 1373 1262 1419 uti
1299 1370 1448 1420 soliti
1485 1372 1624 1431 sint,
1686 1371 1809 1430 post
1852 1370 2112 1432 ingratis-

378 1479 578 1528 simam
630 1478 882 1527 decennii
933 1479 1324 1541 experientiam
1385 1488 1543 1525 unum
1603 1477 1851 1537 idemque
1904 1477 2113 1525 cunctis

375 1587 748 1635 commendare
802 1597 869 1635 ac
929 1596 1235 1647 proponere
1288 1585 1458 1634 satius
1514 1581 1727 1631 tandem
1778 1583 1959 1631 visum
2016 1584 2115 1631 est.

376 1687 494 1753 Quo
544 1693 600 1740 in
636 1693 913 1754 proposito
960 1692 1333 1757 exsequendo,
1390 1688 1579 1739 sedulo
1612 1690 1756 1738 inter
1796 1702 1860 1739 se
1897 1698 2115 1749 compa-

367 1798 530 1845 ratis·
553 1796 832 1846 Gerlachii
868 1798 923 1845 et
955 1798 1159 1845 Kritzii
1200 1784 1376 1858 curis,
1434 1796 1499 1843 de
1536 1797 1811 1855 utriusque
1847 1794 2116 1843 sententia

367 1900 603 1966 singulis
637 1902 695 1951 in
729 1901 870 1951 locis
904 1902 1162 1951 iudicium
1198 1902 1471 1966 integrum
1496 1902 1659 1964 atque
1702 1902 1771 1951 ab
1808 1900 1951 1951 omni
1986 1912 2114 1963 par-

368 2009 503 2056 tium
547 2009 728 2058 studio
767 2007 1000 2058 liberum
1039 2019 1297 2058 exercere
1334 2011 1560 2058 conatus
1594 2022 1733 2076 sum,
1770 2011 1931 2059 modo
1962 2009 2118 2070 hunc,

364 2113 520 2164 modo
558 2115 729 2182 illum,
767 2115 1057 2176 aliquoties
1103 2116 1263 2164 etiam
1300 2116 1439 2166 alias
1481 2117 1725 2166 codicum
1764 2116 2117 2165 auctoritates

366 2223 432 2271 ab
469 2223 722 2272 ambobus
758 2222 993 2272 reiectas
1027 2223 1108 2271 ita
1143 2227 1381 2288 secutuS,
1444 2223 1888 2284 quemadmodum
1923 2233 2116 2271 sensus

365 2330 654 2392 scriptori-s
691 2332 917 2391 eiusque
957 2319 1289 2378 consuetudo
1327 2332 1610 2391 requirere
1645 2329 1944 2377 videbatur.
2002 2329 2115 2376 Ra-

367 2439 546 2489 tiones
595 2438 811 2499 quidem
860 2438 1111 2498 perpetui
1157 2439 1315 2485 huius
1368 2436 1611 2485 delectus
1656 2434 1781 2484 ideo
1844 2434 1966 2484 addi
2007 2446 2117 2484 non

369 2543 622 2607 licuisse,
673 2544 812 2605 quod
863 2541 1086 2593 libellus
1121 2544 1238 2607 ipse
1275 2553 1479 2602 parvus
1512 2554 1635 2592 esse
1670 2553 1950 2604 parvoque
1989 2553 2115 2603 pre-

369 2651 446 2698 tio
481 2650 648 2698 vendi
687 2649 942 2710 debebat,
991 2660 1122 2698 sane
1173 2647 1349 2697 doleo.
1423 2642 1577 2708 Quod
1615 2650 1793 2697 autem
1830 2650 2117 2709 praeterea

370 2754 553 2805 addidi
588 2755 862 2816 integram
911 2756 1232 2826 varietatem
1270 2754 1523 2806 editionis
1558 2754 1917 2802 victorianae
1952 2754 2117 2818 longe

372 2863 684 2912 rarissimae
714 2861 1072 2918 (Florentiae.
1107 2864 1180 2910 Μ.
1206 2863 1270 2910 D.
1298 2862 1538 2912 LXXVI.
1573 2862 1699 2924 8⁰.),
1746 2861 1952 2910 idcirco
1990 2863 2119 2928 feci,

372 2970 514 3029 quod
546 2968 754 3021 criticis
789 2970 966 3017 denuo
1006 2979 1313 3030 proponere
1354 2969 1611 3019 volebam
1636 2967 1863 3018 Salustii
1894 2969 2117 3029 scripta,

375 3073 558 3136 qualia
609 3079 736 3124 ante
785 3075 1114 3141 Gruterum,
1169 3076 1260 3124 vel
1311 3077 1358 3126 si
1415 3075 1556 3124 hunc
1607 3077 1885 3137 respicere
1937 3076 2117 3123 minus

378 3183 686 3247 dignentur,
728 3185 856 3232 ante
883 3177 1130 3232 Gortium
1169 3184 1427 3246 huiusque
1466 3185 1723 3246 egregios
1750 3185 2115 3250 correctores,

377 3288 744 3339 Basileensem
779 3288 1028 3351 alterum,
1066 3290 1300 3341 alterum
1338 3291 1731 3354 Erfurtensem‚
1770 3289 1935 3352 volgo
1958 3288 2115 3350 lege—
