2525 3925
874 362 1233 420 cATmNA.
1859 373 1928 424 31
2033 322 2040 328 “

176 517 310 555 cum
348 507 569 560 infestis
606 511 779 574 signis
829 517 1181 576 concurrunt3
1231 511 1346 574 pila
1395 515 1674 585 omittunt,
1728 520 1927 584 gladiis

176 609 273 646 res
314 599 538 660 geritur.
611 601 907 669 Veterani,
942 605 1203 665 pristinae
1236 611 1460 662 virtutis
1498 618 1761 661 memores
1775 645 1792 679 ‚
1827 624 1928 663 co-

176 687 363 736 minus
390 688 597 738 acriter
617 690 849 754 instare;
888 691 975 741 illi
998 694 1138 744 haud
1164 698 1337 749 timidi
1359 702 1624 750 resistunt
1630 713 1650 762 3
1681 711 1929 764 maxuma

176 777 239 823 vi
280 777 542 828 certatur.
613 779 835 829 Interea
877 777 1112 832 Catilina
1160 797 1282 835 cum
1335 787 1600 850 expeditis
1647 787 1708 836 in
1754 789 1928 850 prima

180 864 311 913 acie
364 867 616 930 versari,
674 866 1046 920 laborantibus
1106 873 1465 939 subcurrere3
1529 877 1774 940 integros
1825 877 1967 938 pro5

176 954 389 1003 sauciis
422 965 741 1023 accersere,
794 960 974 1008 omnia
1021 962 1344 1027 providere,
1397 963 1623 1016 multum
1669 967 1790 1027 ipse
1823 977 1926 1028 pu-

176 1053 383 1104 gnare,
406 1054 585 1104 'saepe
620 1044 827 1096 hostem
860 1047 1065 1112 ferit-03
1102 1053 1307 1102 strenui
1343 1052 1532 1103 militis
1569 1055 1628 1104 et
1661 1055 1790 1104 boni
1821 1054 1925 1107 im·-

177 1129 455 1191 perato'ris
488 1132 675 1182 officia
700 1133 863 1184 simul
884 1139 1295 1200 exsequebatur.
1350 1141 1617 1208 Petreius,
1653 1142 1745 1192 ubi
1773 1143 1926 1192 videt

181 1215 501 1282 Catilinam,
556 1225 749 1272 contra
804 1237 871 1274 ac
920 1231 1072 1276 ratus
1126 1232 1276 1294 erat,
1325 1242 1524 1294 magna
1575 1230 1635 1279 vi
1681 1230 1925 1297 tendere,

184 1305 456 1358 cohortem
492 1313 820 1371 praetoriam
855 1314 913 1362 in
960 1313 1167 1366 medios
1218 1317 1388 1368 bostis
1432 1317 1668 1382 inducit,
1720 1330 1918 1380 eosque
1934 1319 2001 1369 10

178 1399 523 1458 perturbatos
547 1399 708 1461 atque
732 1399 873 1450 alios
897 1401 1030 1452 alibi
1050 1406 1374 1456 resistentes
1409 1406 1694 1469 interficit3
1729 1405 1924 1457 deinde

178 1487 450 1548 utrimque
490 1500 558 1536 ex
608 1487 873 1538 lateribus
917 1493 1131 1542 ceteros
1178 1495 1511 1558 adgreditur.
1581 1493 1822 1544 Manlius
1867 1497 1926 1544 et

160 1573 517 1625 Faesulanus
550 1578 608 1624 in
648 1577 834 1638 primis
870 1584 1170 1641 pugnantes
1196 1581 1412 1631 cadunt.
1460 1584 1747 1645 Postquam
1771 1583 1924 1632 fusas

180 1666 363 1725 copias
405 1676 571 1725 seque
611 1677 729 1714 cum
763 1666 949 1726 paucis
981 1666 1231 1719 relictum
1258 1671 1408 1721 videt
1431 1667 1686 1733 Catilina,
1721 1680 1924 1720 memor

178 1754 398 1815 generis
428 1756 591 1814 atque
610 1753 874 1816 pristinae
897 1767 1031 1804 suae
1054 1755 1356 1824 dignitatis,
1387 1759 1445 1807 in
1471 1758 1916 1808 confertissumos
1935 1754 1996 1804 15

178 1842 348 1890 hostis
384 1842 617 1891 incurrit
651 1842 831 1904 ibique
866 1855 1111 1906 pugnans
1148 1845 1471 1895 confoditur.

280 1929 367 1981 61.
408 1932 517 1981 Sed
545 1931 795 1982 confecto
824 1931 1055 1997 proelio,
1088 1933 1198 1983 tum
1235 1945 1372 1985 vero
1409 1945 1684 1999 cerneres,
1723 1937 1924 1998 quanta

180 2020 413 2071 audacia
447 2021 751 2082 quantaque
786 2022 874 2070 vis
926 2022 1091 2071 animi
1138 2023 1336 2073 fuisset
1381 2025 1440 2073 in
1487 2024 1732 2074 exercitu
1770 2021 1923 2075 Cati-

178 2108 338 2159 linae.
411 2109 549 2159 Nam
586 2109 731 2176 fere,
780 2120 936 2172 quem
970 2111 1192 2173 quisque
1224 2112 1386 2162 vivos
1420 2114 1709 2177 pugnando
1743 2111 1920 2162 locum

180 2198 432 2263 ceperat,
487 2208 606 2247 eum
658 2198 859 2247 amissa
910 2199 1091 2248 anima
1143 2211 1374 2262 corpore
1431 2201 1663 2263 tegebat.
1750 2200 1914 2250 Pauci
1929 2201 1997 2252 20

180 2291 393 2352 autem,
432 2297 565 2348 quos
599 2286 802 2336 medios
840 2286 1032 2336 cohors
1068 2289 1344 2348 praetoria
1377 2289 1687 2355 disiecerat,
1732 2288 1919 2352 paullo

180 2375 483 2442 divorsius,
534 2376 630 2424 sed
678 2387 864 2425 omnes
914 2378 1091 2425 tamen
1140 2375 1391 2426 advorsis
1425 2377 1744 2427 volneribus
1781 2387 1917 2425 con-

179 2463 444 2515 ciderant.
528 2462 765 2514 Catilina
819 2476 955 2513 vero
1004 2462 1173 2526 longe
1224 2477 1260 2513 a
1311 2466 1426 2513 suis
1484 2466 1627 2515 inter
1679 2465 1917 2513 bostium

181 2555 456 2604 cadavera
488 2554 735 2615 repertus
767 2555 879 2619 est,
929 2550 1229 2614 paullulum
1263 2552 1430 2601 etiam
1465 2554 1676 2613 spirans
1713 2552 1918 2602 feroci-

176 2654 368 2705 amque
404 2643 597 2705 animi,
652 2654 808 2703 quam
842 2641 1105 2691 babuerat
1141 2642 1331 2707 vivos,
1375 2640 1433 2687 in
1467 2638 1622 2689 voltu
1655 2640 1994 2690 retinens-25

178 2732 461 2782 Postremo
516 2742 583 2779 ex
638 2731 781 2780 omni
836 2730 997 2792 copia
1048 2740 1223 2791 neque
1273 2730 1330 2777 in
1381 2725 1592 2790 proelio
1641 2737 1814 2788 neque
1859 2727 1916 2775 iu

176 2822 312 2883 fuga
360 2821 639 2881 quisquam
688 2818 827 2867 civis
878 2819 1145 2879 ingenuus
1198 2819 1391 2879 captus
1438 2817 1550 2865 est:
1609 2817 1688 2864 ita
1735 2815 1919 2863 cuncti

178 2922 309 2959 suae
342 2909 681 2970 hostiumque
718 2906 865 2957 vitae
900 2908 1053 2955 iuxta
1090 2906 1463 2968 pepercerant.
1516 2904 1700 2965 Neque
1737 2905 1917 2951 tamen

255 3162 292 3199 2.
316 3172 381 3200 res
406 3161 537 3209 agitur
563 3158 612 3197 V.
643 3170 733 3197 curn
757 3157 941 3197 nin-ieet.
963 3157 1097 3196 'run-ic.
1116 3178 1163 3185 —
1186 3156 1229 3196 6,
1254 3167 1455 3194 arcessere
1470 3157 1583 3194 V.-—
1611 3155 1671 3195 11.
1701 3155 1793 3195 dein
1807 3156 1853 3196 V.
1868 3176 1915 3185 —-

182 3230 245 3267 ¹³.
290 3229 502 3280 Postquam
529 3226 710 3267 Catilina
732 3223 848 3277 fusas
886 3227 1023 3274 copias
1046 3237 1163 3275 seque
1182 3224 1366 3263 relicum·
1391 3235 1478 3261 cum
1499 3226 1641 3272 paucis
1666 3224 1771 3262 videt
1796 3224 1846 3263 V.
1867 3243 1917 3252 —-

182 3298 245 3337 ¹5.
280 3297 479 3344 dignitatis
504 3308 601 3335 suae
628 3294 677 3333 V.
708 3307 789 3333 om.
818 3284 915 3332 suae
940 3292 991 3332 R.
1025 3316 1068 3324 —
1120 3292 1178 3331 18.
1208 3293 1332 3329 anima·
1355 3292 1416 3329 eis
1440 3291 1492 3329 V.
1523 3313 1566 3321 —
1618 3290 1679 3330 19.
1708 3290 1917 3341 pugnando

178 3366 297 3403 eiras
320 3366 367 3404 V.
396 3386 444 3395 -
491 3364 554 3404 u.
583 3362 907 3415 ferocitatemque
934 3362 984 3402 V.
1014 3382 1062 3391 —
1109 3363 1173 3401 28.
1203 3362 1310 3399 vitae
1333 3358 1574 3408 hostemque
1598 3356 1662 3409 V..
