2525 3925
883 298 1284 350 mallonum..
1298 297 1453 349 CXL.
1936 303 2047 355 247

299 448 416 511 xit,
461 448 520 495 et
559 448 766 507 patrem
813 456 936 495 eum
983 446 1275 511 salutavit,
1326 448 1575 510 idemque
1622 450 1815 501 facere-
1848 450 2050 502 milites

297 538 478 586 iussit.
549 534 818 584 Hannibal
855 538 1070 585 vastata
1107 534 1419 601 Campania,
1454 538 1599 587 inter
1628 535 1921 589 Casilinum
1946 554 2049 603 op·-

298 622 484 687 pidum
519 628 576 673 et
603 621 924 673 Calliculam
971 626 1204 674 montem
1237 638 1276 675 a
1306 626 1477 677 Fabio
1514 626 1751 690 clausus,
1798 639 2045 678 sarmen-

301 717 378 763 tis
401 714 470 763 ad
501 724 707 763 cornua
737 714 894 763 boum
931 712 1176 777 alligatis
1209 718 1283 764 et
1294 716 1533 765 incensis
1567 715 1896 778 praesidium
1928 717 2043 766 Ro·-

298 812 614 869 manorum‚
667 802 808 864 quod
849 799 1172 853 Calliculam
1207 804 1507 869 insidebat,
1556 803 1803 871 fugavit,
1856 809 1912 855 et
1960 804 2087 855 sic5

299 897 680 955 transgressus
737 894 824 940 est
882 892 1094 942 saltum.
1181 893 1433 955 Idemque
1504 890 1571 956 Q.
1618 893 1775 943 Fabii
1825 895 2047 944 Maximi

297 978 612 1042 dictatoris,
655 992 775 1029 cum
811 982 1194 1042 circumposita
1227 985 1455 1047 ureret,
1480 995 1619 1045 agro
1676 982 1948 1045 pepercit,
1988 986 2048 1031 ut

297 1067 458 1117 illum
495 1072 767 1131 tamquam
802 1070 1130 1129 proditorem
1165 1072 1478 1131 suspectum
1512 1071 1739 1122 faceret.
1808 1070 2046 1121 Aemilio

299 1158 498 1206 deinde
531 1156 724 1207 Paullo
759 1162 816 1207 et
849 1158 1104 1207 Terentio
1142 1159 1395 1209 Varrone
1445 1159 1757 1210 consulibus
1792 1164 1851 1209 et
1886 1161 2045 1209 duci·-

211 1248 404 1299 538bus
455 1258 576 1295 cum
623 1247 862 1295 maxima
899 1246 1056 1295 clade
1093 1248 1361 1297 adversus
1396 1247 1757 1298 Hannibalem
1790 1250 1859 1299 ad
1896 1246 2041 1299 can·
2058 1248 2121 1298 10

299 1346 404 1385 nas
454 1338 746 1399 pugnatum
795 1338 916 1397 θεῖς
973 1346 1240 1397 caesaque
1294 1348 1361 1385 eo
1417 1336 1633 1400 proelio
1684 1338 2047 1387 Romanorum

303 1423 669 1487 quadraginta
703 1426 940 1487 quinque
975 1423 1160 1488 milia,
1206 1436 1328 1475 cum
1364 1423 1555 1476 Pau-lio
1592 1426 1813 1477 conside
1848 1430 1906 1476 et
1952 1438 2044 1475 se-

300 1513 584 1563 natoribus
625 1513 938 1579 octoginta,
989 1511 1367 1574 consularibus
1415 1517 1579 1576 atque
1621 1515 1913 1576 praetoriis
1950 1518 2046 1564 aul

297 1600 574 1651 aediliciis
617 1602 858 1665 triginta.
928 1602 1056 1651 Post
1093 1614 1253 1664 quam
1294 1600 1504 1651 cladem
1550 1614 1671 1653 cum
1708 1615 1743 1651 a
1772 1602 2047 1655 nobilibus

295 1688 738 1740 adolescentibus
779 1694 1002 1754 propter
1043 1690 1473 1753 desperationem
1520 1688 1807 1739 consilium
1842 1689 1911 1739 de
1944 1691 2115 1741 νει-15

295 1780 599 1841 linquenda
643 1779 807 1829 ltalia
851 1780 1117 1841 iniretur,
1154 1778 1211 1826 P.
1251 1776 1539 1828 Cornelius
1572 1778 1761 1839 Scipio
1796 1778 2043 1827 tribunus

295 1867 557 1931 militum,
608 1869 701 1930 qui
747 1872 938 1929 postea
970 1868 1268 1917 Africanus
1307 1868 1649 1929 nuncupatus
1684 1870 1797 1931 est,
1846 1867 2043 1917 stricto

295 1969 466 2018 super
501 1959 682 2019 capita
721 1955 1133 2006 deliberantium
1171 1958 1321 2006 ferro
1359 1958 1567 2006 iuravit
1612 1968 1718 2006 «se
1752 1968 1853 2018 pro
1886 1956 2043 2006 hoste

295 2047 603 2095 habiturum
631 2057 770 2107 eum,
809 2048 898 2107 qui
931 2053 990 2095 in
1024 2048 1192 2096 verba
1223 2058 1325 2096 sua
1359 2058 1469 2095 non
1500 2047 1791 2111 iurasset,›>
1828 2044 2043 2096 effecit-

293 2147 400 2196 que
428 2139 486 2183 ut
509 2147 694 2184 omnes
715 2147 823 2184 nou⁴
847 2133 1096 2184 relictum
1128 2137 1200 2187 iri
1235 2148 1270 2185 a
1304 2147 1369 2186 se
1398 2134 1623 2186 Italiam
1655 2137 1777 2185 inre
1808 2136 2038 2187 iurando
2050 2135 2117 2188 20

291 2223 784 2286 aden-ingerentur.
855 2223 1150 2273 Praeterea
1200 2225 1623 2287 trepidationem
1668 2225 1819 2274 urbis
1858 2227 1915 2274 et
1948 2224 2041 2274 lu·-

293 2318 448 2362 ctum
484 2318 540 2362 et
576 2323 668 2362 res
703 2314 762 2360 in
797 2313 1062 2375 Hispania
1107 2313 1337 2364 meliore
1386 2319 1589 2363 eventu
1634 2317 1825 2377 gestas
1860 2315 2040 2362 eonti-

292 2407 409 2450 net.
465 2398 675 2462 Opimia
707 2404 764 2449 et
787 2400 1050 2450 Floronia
1074 2399 1333 2451 Vestales
1362 2403 1609 2465 virgines
1644 2401 1843 2450 incesti
1880 2400 2039 2448 dam-

291 2495 462 2538 natae
487 2495 630 2539 sunt.
703 2485 940 2556 Captivi,
977 2502 1097 2539 cum
1135 2493 1381 2551 potestas
1414 2494 1564 2538 esset
1592 2488 1907 2556 redimendi,
1944 2495 2037 2536 re-

294 2577 501 2638 dempti
533 2589 640 2626 non
679 2582 822 2628 sunt.
891 2578 1131 2628 Varroni
1168 2578 1385 2629 obviam
1420 2579 1553 2627 itum
1591 2580 1693 2643 est,
1730 2579 1787 2627 et
1820 2577 2037 2640 gratiae
2050 2577 2115 2628 25

293 2669 459 2715 actae
495 2667 638 2728 quod
673 2666 740 2714 de
775 2677 837 2716 re
871 2666 1088 2728 publica
1121 2678 1231 2715 non
1269 2669 1632 2728 desperasset.

931 2824 1166 2872 Liber
1219 2823 1417 2873 xxm.
1482 2837 1491 2854 ¹

408 2931 673 2994 Campani
716 2932 783 2980 ad
818 2929 1171 2981 Hannibalem
1208 2931 1542 2980 defecerunt.
1612 2931 1851 2983 Nuntius
1893 2929 2039 2982 Gan-

293 3023 484 3072 nensis
517 3022 789 3072 victoriae
823 3021 988 3083 Mago
1027 3019 1414 3085 Karthaginem
1464 3022 1660 3070 missus
1704 3019 1899 3071 anulos
1934 3033 2035 3070 au-

295 3122 426 3160 reos
461 3124 497 3161 a
531 3110 718 3174 digitis
753 3110 1060 3159 occisorum
1083 3110 1445 3159 Romanorum
1477 3110 1755 3160 detractos
1778 3111 1838 3159 in
1859 3109 2113 3166 vesti-80

295 3198 426 3250 bulo
476 3201 662 3250 curiae
706 3197 922 3262 effudit,
980 3210 1114 3263 quos
1165 3200 1471 3250 excessisse
1516 3199 1684 3248 modii
1730 3210 2036 3250 mensuram

299 3289 551 3341 traditur.
620 3287 753 3339 Post
787 3299 944 3350 quern
975 3288 1219 3365 nuntium
1242 3287 1452 3358 Hanno,
1487 3289 1579 3338 vir
1608 3299 1677 3340 ex
1700 3288 1903 3340 Poenis
1934 3298 2037 3338 no·-
