2525 3925
573 285 681 335 168
1116 280 1175 335 C.
1208 281 1509 337 suavem
1543 276 1773 333 clusin

575 429 755 479 victus
797 439 918 478 cum
963 427 1064 478 illa
1106 429 1265 479 simul
1314 438 1474 491 quom
1510 439 1678 491 egens
1724 426 1939 477 alienae
1983 426 2107 488 opis
2159 426 2316 489 plura

576 515 723 566 mala
757 518 1156 579 exspectarem,
1206 527 1335 581 vos,
1379 511 1650 578 Quirites,
1682 526 1872 565 rursus
1906 514 2037 563 mibi
2079 514 2316 576 patriam

580 602 817 665 deosque
872 605 1083 667 penatis
1130 614 1255 653 cum
1306 604 1518 666 ingenti
1565 602 1831 666 dignitate
1881 602 2124 651 dedistis.
2211 604 2314 651 Pro

580 691 772 752 quibus
826 689 1100 740 beneficiis
1150 692 1247 739 vix
1296 690 1432 739 satis
1477 691 1670 753 gratus
1717 690 1935 749 videar,
1985 691 2035 737 si
2087 689 2318 751 singulis

537 776 832 844 5animam,
866 790 1028 840 quam
1052 788 1278 841 nequeo,
1319 777 1706 827 concesserim.
1761 776 1899 825 Nam
1923 778 2044 825 vita
2080 780 2140 825 et
2173 789 2316 826 mors

577 866 703 916 iura
736 868 965 917 naturae
1013 868 1169 916 sunt:
1212 866 1274 915 ut
1306 866 1426 914 sine
1461 862 1730 914 dedecore
1766 876 1886 913 cum
1923 865 2139 914 civibus
2178 864 2318 913 fama

579 954 637 1001 et
673 954 907 1002 fortunis
949 954 1166 1016 integer
1199 964 1365 1017 agas,
1413 952 1468 1000 id
1506 953 1645 1001 dono
1693 953 1852 1001 datur
1901 950 2070 1012 atque
2108 953 2318 1014 accipi-

581 1044 687 1089 tur.
761 1036 1026 1088 consules
1058 1050 1156 1088 nos
1192 1040 1432 1103 fecistis,
1469 1035 1742 1105 Quirites,
1776 1039 1926 1088 domi
1961 1038 2204 1100 bellique
2239 1040 2320 1087 in-

580 1125 936 1188 peditissuma
966 1114 1296 1187 republica.
1368 1127 1609 1187 Namque
1641 1126 2002 1189 imperatores
2023 1126 2318 1187 Hispaniae

509 1212 909 1275 iostipendium
942 1210 1162 1278 milites,
1197 1224 1350 1263 arma
1384 1212 1709 1263 frumentum
1745 1216 2007 1277 poscunt3
2045 1218 2105 1263 et
2137 1214 2198 1261 id
2234 1226 2318 1262 res

582 1299 761 1364 cogit,
796 1299 1046 1360 quoniam
1073 1300 1382 1350 defectione
1415 1301 1688 1350 sociorum
1712 1304 1770 1349 et
1792 1302 2006 1350 Sertori
2042 1313 2144 1361 per
2168 1312 2318 1351 mon-

582 1388 656 1436 tis
695 1387 830 1449 fuga
863 1397 1037 1449 neque
1074 1397 1239 1436 manu
1275 1390 1490 1436 certare
1534 1392 1764 1448 possunt
1810 1399 1989 1448 neque
2027 1388 2192 1436 utilia
2228 1400 2320 1449 pa-

581 1484 729 1524 rare.
796 1473 1084 1523 Exercitus
1119 1476 1177 1522 in
1208 1475 1343 1524 Asia
1379 1471 1686 1536 ciliciaque
1717 1475 1785 1523 ob
1824 1475 2020 1523 nimias
2056 1486 2193 1536 opes
2219 1477 2321 1523 Mi-·

582 1560 838 1611 thridatis
886 1561 1141 1624 aluntur3
1194 1560 1521 1611 Macedonia
1570 1561 1732 1623 plena
1777 1562 2009 1610 bostium
2058 1566 2177 1621 est,
2228 1574 2321 1611 nec

510 1644 574 1695 15
586 1648 763 1699 minus
786 1648 983 1700 Italiae
1018 1651 1308 1699 marituma
1343 1650 1399 1700 et
1435 1649 1870 1712 provinciarum3
1911 1660 2072 1710 quom
2110 1651 2320 1699 interim

582 1736 883 1801 vectigalia
916 1748 1093 1799 parva
1124 1740 1181 1787 et
1216 1736 1379 1787 bellis
1412 1737 1624 1786 incerta
1657 1736 1752 1784 vix
1784 1742 1993 1799 partem
2019 1740 2320 1797 sumptuum

580 1826 881 1875 sustinent:
920 1824 1001 1875 ita
1035 1824 1232 1889 classe,
1271 1836 1410 1888 quae
1451 1827 1777 1874 commeatus
1809 1826 2082 1891 tuebatur,
2117 1827 2324 1875 minore

580 1922 738 1973 quam
773 1914 938 1963 antea
970 1914 1311 1978 navigamus.

672 1999 827 2050 Haec
848 2003 899 2050 si
922 1987 1049 2051 dol'o
1068 2005 1166 2051 aut
1187 2003 1442 2053 socordia
1463 2004 1656 2053 nostra
1680 2003 1964 2052 contracta
1986 2007 2134 2065 sunt,
2158 2005 2322 2067 agite,

506 2085 646 2136 20ut
678 2089 864 2135 monet
896 2089 1007 2148 ira,
1054 2087 1378 2149 subplicium
1417 2089 1645 2138 sunites
1696 2093 1783 2138 sin
1821 2090 2039 2139 fortuna
2081 2102 2322 2139 commu-

580 2171 671 2219 nis
716 2174 968 2233 asperior
1014 2179 1130 2235 est,
1189 2187 1360 2236 quare
1407 2174 1634 2238 indigna
1675 2177 1834 2226 vobis
1878 2177 2140 2239 nobisque
2175 2183 2233 2227 et
2266 2191 2324 2227 re

580 2256 801 2319 publica
844 2253 1136 2322 incipitis?
1204 2265 1389 2325 Atque
1425 2275 1550 2328 ego,
1585 2265 1777 2325 quoius
1812 2267 1982 2314 aetati
2013 2277 2161 2314 mors
2199 2278 2324 2328 pro-

582 2345 707 2406 pior
732 2349 834 2414 est,
869 2358 977 2396 non
1012 2347 1296 2416 deprecor,
1331 2351 1382 2399 si
1417 2351 1544 2414 quid
1579 2363 1649 2400 ea
1685 2351 1842 2400 vobis
1870 2353 2198 2401 incommodi
2231 2355 2325 2402 de-

582 2433 779 2483 mitur:
837 2445 1017 2498 neque
1069 2450 1191 2488 mox
1243 2440 1468 2504 ingenio
1528 2441 1776 2501 corporis
1832 2439 2112 2488 honestius
2170 2453 2326 2502 quam

507 2515 574 2568 25
586 2531 686 2583 pro
743 2526 934 2574 vostra
998 2524 1179 2576 salute
1242 2525 1403 2577 finem
1456 2527 1606 2577 vitae
1664 2525 1904 2576 fecerim.
2005 2526 2215 2576 Adsum
2262 2539 2327 2576 en

584 2604 647 2660 C.
670 2604 834 2660 Cotta
870 2613 1097 2675 consul;
1132 2613 1283 2664 facio
1314 2615 1454 2675 quod
1485 2625 1652 2676 saepe
1690 2615 1924 2665 maiores
1961 2616 2174 2676 asperis
2210 2615 2326 2666 bel-

582 2693 657 2746 lis
691 2695 909 2750 fecere:
960 2711 1140 2751 voveo
1190 2701 1434 2762 dedoque
1479 2713 1567 2751 me
1616 2715 1717 2764 pro
1763 2715 1827 2752 re
1861 2701 2117 2766 :publica,
2173 2714 2326 2764 quam

584 2783 779 2836 deinde
814 2788 946 2849 quoi
987 2787 1250 2838 mandetis
1288 2787 1706 2852 circumspicite.
1775 2791 1914 2840 Nam
1949 2789 2114 2839 talem
2155 2790 2328 2841 bono-

581 2881 703 2921 rem
744 2875 918 2924 bonus
955 2887 1111 2925 nemo
1146 2873 1317 2938 volet,
1355 2886 1514 2939 quom
1549 2875 1804 2928 fortunae
1827 2880 1885 2928 et
1914 2877 2082 2927 maris
2114 2878 2172 2926 et
2194 2875 2324 2927 beili

509 2947 657 3008 30⁸1»
692 2958 820 3009 aliis
854 2963 966 3011 acti
1000 2964 1143 3012 ratio
1179 2960 1462 3013 reddunda
1489 2967 1585 3013 aut
1621 2965 1852 3027 turpiter
1874 2965 2216 3014 moriundum
2240 2966 2326 3015 sit-

681 3247 724 3287 6.
760 3247 835 3298 σθ]
860 3249 911 3289 V.
944 3253 1007 3289 αα·
1030 3252 1078 3290 G.
1116 3271 1162 3279 —
1218 3249 1451 3301 wgo-na]
1476 3249 1528 3290 V.
1556 3261 1633 3289 om.
1659 3251 1712 3290 G.
1751 3269 1797 3282 -
1846 3249 1910 3288 00.
1940 3247 2013 3297 ue]
2039 3248 2085 3288 V.
2111 3250 2176 3286 nra·
2203 3250 2254 3288 G.
2286 3269 2330 3277 --
