<?xml version="1.0" encoding="UTF-8"?>
<!DOCTYPE html PUBLIC "-//W3C//DTD XHTML 1.0 Transitional//EN"
    "http://www.w3.org/TR/xhtml1/DTD/xhtml1-transitional.dtd">
<html xmlns="http://www.w3.org/1999/xhtml" xml:lang="en" lang="en">
 <head>
  <title>
</title>
<meta http-equiv="Content-Type" content="text/html;charset=utf-8" />
  <meta name='ocr-system' content='tesseract 3.04.00' />
  <meta name='ocr-capabilities' content='ocr_page ocr_carea ocr_par ocr_line ocrx_word'/>
</head>
<body>
  <div class='ocr_page' id='page_1' title='image "./catilinaetiugur00livygoog_0018.png"; bbox 0 0 2525 3925; ppageno 0'>
   <div class='ocr_carea' id='block_1_1' title="bbox 572 308 1773 364">
    <p class='ocr_par' dir='ltr' id='par_1_1' title="bbox 572 308 1773 364">
     <span class='ocr_line' id='line_1_1' title="bbox 572 308 1773 364; baseline -0.001 0"><span class='ocrx_word' id='word_1_1' title='bbox 572 312 612 364; x_wconf 72' lang='lat'><em>2</em></span> <span class='ocrx_word' id='word_1_2' title='bbox 1119 308 1175 363; x_wconf 83' lang='lat' dir='ltr'><strong>C.</strong></span> <span class='ocrx_word' id='word_1_3' title='bbox 1212 311 1511 363; x_wconf 78' lang='lat' dir='ltr'>SALUS&#39;H</span> <span class='ocrx_word' id='word_1_4' title='bbox 1544 308 1773 363; x_wconf 76' lang='lat' dir='ltr'><strong>omsm</strong></span> 
     </span>
    </p>
   </div>
   <div class='ocr_carea' id='block_1_2' title="bbox 492 456 2323 2998">
    <p class='ocr_par' dir='ltr' id='par_1_2' title="bbox 492 456 2323 2998">
     <span class='ocr_line' id='line_1_2' title="bbox 571 456 2323 521; baseline 0.001 -13"><span class='ocrx_word' id='word_1_5' title='bbox 571 457 904 509; x_wconf 80' lang='lat' dir='ltr'><strong>exercebant</strong></span> <span class='ocrx_word' id='word_1_6' title='bbox 917 470 938 521; x_wconf 81' lang='lat'><em>3</em></span> <span class='ocrx_word' id='word_1_7' title='bbox 1003 457 1282 508; x_wconf 78' lang='lat' dir='ltr'><strong>etiamtum</strong></span> <span class='ocrx_word' id='word_1_8' title='bbox 1335 459 1455 510; x_wconf 83' lang='lat' dir='ltr'><strong>vita</strong></span> <span class='ocrx_word' id='word_1_9' title='bbox 1515 458 1788 511; x_wconf 87' lang='lat' dir='ltr'><strong>hominum</strong></span> <span class='ocrx_word' id='word_1_10' title='bbox 1846 458 1968 507; x_wconf 82' lang='lat' dir='ltr'><strong>sine</strong></span> <span class='ocrx_word' id='word_1_11' title='bbox 2022 456 2323 521; x_wconf 79' lang='lat' dir='ltr'><strong>cupiditate</strong></span> 
     </span>
     <span class='ocr_line' id='line_1_3' title="bbox 571 545 2322 625; baseline 0 -28"><span class='ocrx_word' id='word_1_12' title='bbox 571 545 918 611; x_wconf 78' lang='lat' dir='ltr'><strong>agitabatur,</strong></span> <span class='ocrx_word' id='word_1_13' title='bbox 972 558 1073 595; x_wconf 85' lang='lat' dir='ltr'><strong>sua</strong></span> <span class='ocrx_word' id='word_1_14' title='bbox 1125 548 1357 609; x_wconf 87' lang='lat' dir='ltr'><strong>quoique</strong></span> <span class='ocrx_word' id='word_1_15' title='bbox 1393 548 1529 597; x_wconf 81' lang='lat' dir='ltr'><strong>satis</strong></span> <span class='ocrx_word' id='word_1_16' title='bbox 1560 546 1867 625; x_wconf 72' lang='lat' dir='ltr'><strong>placebant.</strong></span> <span class='ocrx_word' id='word_1_17' title='bbox 1937 546 2139 597; x_wconf 81' lang='lat' dir='ltr'><strong>Postea</strong></span> <span class='ocrx_word' id='word_1_18' title='bbox 2179 558 2322 597; x_wconf 85' lang='lat' dir='ltr'><strong>vero</strong></span> 
     </span>
     <span class='ocr_line' id='line_1_4' title="bbox 572 629 2323 699; baseline 0.001 -15"><span class='ocrx_word' id='word_1_19' title='bbox 572 647 729 697; x_wconf 88' lang='lat' dir='ltr'><strong>quam</strong></span> <span class='ocrx_word' id='word_1_20' title='bbox 762 634 822 683; x_wconf 88' lang='lat' dir='ltr'><strong>in</strong></span> <span class='ocrx_word' id='word_1_21' title='bbox 853 634 989 684; x_wconf 81' lang='lat' dir='ltr'><strong>Asia</strong></span> <span class='ocrx_word' id='word_1_22' title='bbox 1019 629 1214 699; x_wconf 76' lang='lat' dir='ltr'><strong>Cyrus,</strong></span> <span class='ocrx_word' id='word_1_23' title='bbox 1250 636 1308 683; x_wconf 90' lang='lat' dir='ltr'><strong>in</strong></span> <span class='ocrx_word' id='word_1_24' title='bbox 1337 635 1575 685; x_wconf 75' lang='lat' dir='ltr'><strong>Graecia</strong></span> <span class='ocrx_word' id='word_1_25' title='bbox 1602 634 2017 685; x_wconf 77' lang='lat' dir='ltr'><strong>Lacedaemonii</strong></span> <span class='ocrx_word' id='word_1_26' title='bbox 2053 638 2111 684; x_wconf 91' lang='lat' dir='ltr'><strong>et</strong></span> <span class='ocrx_word' id='word_1_27' title='bbox 2144 636 2323 685; x_wconf 82' lang='lat' dir='ltr'><strong>Athe-</strong></span> 
     </span>
     <span class='ocr_line' id='line_1_5' title="bbox 573 722 2321 789; baseline 0.001 -17"><span class='ocrx_word' id='word_1_28' title='bbox 573 722 794 773; x_wconf 83' lang='lat' dir='ltr'><strong>nienses</strong></span> <span class='ocrx_word' id='word_1_29' title='bbox 819 734 1049 785; x_wconf 85' lang='lat' dir='ltr'><strong>coepere</strong></span> <span class='ocrx_word' id='word_1_30' title='bbox 1072 724 1223 774; x_wconf 82' lang='lat' dir='ltr'><strong>urbis</strong></span> <span class='ocrx_word' id='word_1_31' title='bbox 1247 726 1409 784; x_wconf 87' lang='lat' dir='ltr'><strong>atque</strong></span> <span class='ocrx_word' id='word_1_32' title='bbox 1432 724 1684 773; x_wconf 85' lang='lat' dir='ltr'><strong>nationes</strong></span> <span class='ocrx_word' id='word_1_33' title='bbox 1713 726 1986 789; x_wconf 84' lang='lat' dir='ltr'><strong>subigere,</strong></span> <span class='ocrx_word' id='word_1_34' title='bbox 2022 722 2321 773; x_wconf 79' lang='lat' dir='ltr'><strong>lubidinem</strong></span> 
     </span>
     <span class='ocr_line' id='line_1_6' title="bbox 529 810 2323 875; baseline 0.001 -15"><span class='ocrx_word' id='word_1_35' title='bbox 529 810 881 861; x_wconf 87' lang='lat' dir='ltr'><strong>5dominandi</strong></span> <span class='ocrx_word' id='word_1_36' title='bbox 917 823 1134 860; x_wconf 84' lang='lat' dir='ltr'><strong>causam</strong></span> <span class='ocrx_word' id='word_1_37' title='bbox 1175 811 1307 861; x_wconf 88' lang='lat' dir='ltr'><strong>belli</strong></span> <span class='ocrx_word' id='word_1_38' title='bbox 1354 811 1587 875; x_wconf 86' lang='lat' dir='ltr'><strong>babere,</strong></span> <span class='ocrx_word' id='word_1_39' title='bbox 1643 822 1941 860; x_wconf 85' lang='lat' dir='ltr'><strong>maxumam</strong></span> <span class='ocrx_word' id='word_1_40' title='bbox 1993 810 2225 873; x_wconf 84' lang='lat' dir='ltr'><strong>gloriam</strong></span> <span class='ocrx_word' id='word_1_41' title='bbox 2261 813 2323 861; x_wconf 86' lang='lat' dir='ltr'><strong>in</strong></span> 
     </span>
     <span class='ocr_line' id='line_1_7' title="bbox 570 898 2321 965; baseline 0 -15"><span class='ocrx_word' id='word_1_42' title='bbox 570 912 819 950; x_wconf 84' lang='lat' dir='ltr'><strong>maxumo</strong></span> <span class='ocrx_word' id='word_1_43' title='bbox 869 902 1094 963; x_wconf 88' lang='lat' dir='ltr'><strong>imperio</strong></span> <span class='ocrx_word' id='word_1_44' title='bbox 1147 902 1366 965; x_wconf 86' lang='lat' dir='ltr'><strong>putare,</strong></span> <span class='ocrx_word' id='word_1_45' title='bbox 1426 902 1536 949; x_wconf 88' lang='lat' dir='ltr'><strong>tum</strong></span> <span class='ocrx_word' id='word_1_46' title='bbox 1591 902 1801 949; x_wconf 89' lang='lat' dir='ltr'><strong>demum</strong></span> <span class='ocrx_word' id='word_1_47' title='bbox 1856 898 2102 960; x_wconf 86' lang='lat' dir='ltr'><strong>periculo</strong></span> <span class='ocrx_word' id='word_1_48' title='bbox 2154 902 2321 961; x_wconf 85' lang='lat' dir='ltr'><strong>atque</strong></span> 
     </span>
     <span class='ocr_line' id='line_1_8' title="bbox 570 976 2320 1053; baseline -0.001 -15"><span class='ocrx_word' id='word_1_49' title='bbox 570 990 808 1053; x_wconf 87' lang='lat' dir='ltr'><strong>negotiis</strong></span> <span class='ocrx_word' id='word_1_50' title='bbox 869 990 1198 1051; x_wconf 88' lang='lat' dir='ltr'><strong>compertum</strong></span> <span class='ocrx_word' id='word_1_51' title='bbox 1252 992 1337 1039; x_wconf 82' lang='lat' dir='ltr'><strong>est</strong></span> <span class='ocrx_word' id='word_1_52' title='bbox 1384 989 1442 1042; x_wconf 81' lang='lat' dir='ltr'><strong>ln</strong></span> <span class='ocrx_word' id='word_1_53' title='bbox 1492 987 1642 1039; x_wconf 84' lang='lat' dir='ltr'><strong>bello</strong></span> <span class='ocrx_word' id='word_1_54' title='bbox 1702 986 1986 1049; x_wconf 83' lang='lat' dir='ltr'><strong>plurimum</strong></span> <span class='ocrx_word' id='word_1_55' title='bbox 2043 976 2320 1051; x_wconf 82' lang='lat' dir='ltr'><strong>ingenium</strong></span> 
     </span>
     <span class='ocr_line' id='line_1_9' title="bbox 571 1072 2323 1141; baseline -0.001 -14"><span class='ocrx_word' id='word_1_56' title='bbox 571 1089 750 1139; x_wconf 85' lang='lat' dir='ltr'><strong>posse.</strong></span> <span class='ocrx_word' id='word_1_57' title='bbox 823 1072 1027 1139; x_wconf 82' lang='lat' dir='ltr'><strong>Quodsi</strong></span> <span class='ocrx_word' id='word_1_58' title='bbox 1075 1090 1266 1141; x_wconf 88' lang='lat' dir='ltr'><strong>regum</strong></span> <span class='ocrx_word' id='word_1_59' title='bbox 1318 1080 1481 1139; x_wconf 88' lang='lat' dir='ltr'><strong>atque</strong></span> <span class='ocrx_word' id='word_1_60' title='bbox 1521 1078 1906 1137; x_wconf 84' lang='lat' dir='ltr'><strong>imperatorum</strong></span> <span class='ocrx_word' id='word_1_61' title='bbox 1942 1077 2106 1125; x_wconf 87' lang='lat' dir='ltr'><strong>animi</strong></span> <span class='ocrx_word' id='word_1_62' title='bbox 2139 1079 2323 1125; x_wconf 84' lang='lat' dir='ltr'><strong>virtus</strong></span> 
     </span>
     <span class='ocr_line' id='line_1_10' title="bbox 571 1163 2320 1228; baseline 0 -15"><span class='ocrx_word' id='word_1_63' title='bbox 571 1166 628 1213; x_wconf 89' lang='lat' dir='ltr'><strong>in</strong></span> <span class='ocrx_word' id='word_1_64' title='bbox 665 1177 801 1228; x_wconf 89' lang='lat' dir='ltr'><strong>pace</strong></span> <span class='ocrx_word' id='word_1_65' title='bbox 838 1166 917 1214; x_wconf 84' lang='lat' dir='ltr'><strong>ita</strong></span> <span class='ocrx_word' id='word_1_66' title='bbox 957 1168 1016 1215; x_wconf 91' lang='lat' dir='ltr'><strong>ut</strong></span> <span class='ocrx_word' id='word_1_67' title='bbox 1049 1166 1105 1215; x_wconf 87' lang='lat' dir='ltr'><strong>in</strong></span> <span class='ocrx_word' id='word_1_68' title='bbox 1141 1165 1291 1215; x_wconf 84' lang='lat' dir='ltr'><strong>bello</strong></span> <span class='ocrx_word' id='word_1_69' title='bbox 1324 1164 1570 1225; x_wconf 84' lang='lat' dir='ltr'><strong>valeret,</strong></span> <span class='ocrx_word' id='word_1_70' title='bbox 1612 1163 1951 1227; x_wconf 82' lang='lat' dir='ltr'><strong>aequabilius</strong></span> <span class='ocrx_word' id='word_1_71' title='bbox 1987 1168 2147 1226; x_wconf 83' lang='lat' dir='ltr'><strong>atque</strong></span> <span class='ocrx_word' id='word_1_72' title='bbox 2186 1175 2320 1213; x_wconf 89' lang='lat' dir='ltr'><strong>con-</strong></span> 
     </span>
     <span class='ocr_line' id='line_1_11' title="bbox 499 1252 2320 1319; baseline -0.002 -14"><span class='ocrx_word' id='word_1_73' title='bbox 499 1253 807 1305; x_wconf 86' lang='lat' dir='ltr'><strong>10stantius</strong></span> <span class='ocrx_word' id='word_1_74' title='bbox 842 1266 966 1303; x_wconf 88' lang='lat' dir='ltr'><strong>sese</strong></span> <span class='ocrx_word' id='word_1_75' title='bbox 1001 1265 1092 1303; x_wconf 87' lang='lat' dir='ltr'><strong>res</strong></span> <span class='ocrx_word' id='word_1_76' title='bbox 1134 1253 1399 1303; x_wconf 82' lang='lat' dir='ltr'><strong>humanae</strong></span> <span class='ocrx_word' id='word_1_77' title='bbox 1449 1252 1740 1319; x_wconf 86' lang='lat' dir='ltr'><strong>haberent,</strong></span> <span class='ocrx_word' id='word_1_78' title='bbox 1793 1266 1965 1315; x_wconf 89' lang='lat' dir='ltr'><strong>neque</strong></span> <span class='ocrx_word' id='word_1_79' title='bbox 2012 1253 2160 1301; x_wconf 85' lang='lat' dir='ltr'><strong>aliud</strong></span> <span class='ocrx_word' id='word_1_80' title='bbox 2206 1252 2320 1301; x_wconf 87' lang='lat' dir='ltr'><strong>alio</strong></span> 
     </span>
     <span class='ocr_line' id='line_1_12' title="bbox 569 1340 2321 1405; baseline -0.001 -13"><span class='ocrx_word' id='word_1_81' title='bbox 569 1342 733 1404; x_wconf 76' lang='lat' dir='ltr'><strong>ferri,</strong></span> <span class='ocrx_word' id='word_1_82' title='bbox 784 1353 960 1405; x_wconf 88' lang='lat' dir='ltr'><strong>neque</strong></span> <span class='ocrx_word' id='word_1_83' title='bbox 1006 1342 1205 1391; x_wconf 89' lang='lat' dir='ltr'><strong>mutari</strong></span> <span class='ocrx_word' id='word_1_84' title='bbox 1241 1353 1311 1390; x_wconf 89' lang='lat' dir='ltr'><strong>ac</strong></span> <span class='ocrx_word' id='word_1_85' title='bbox 1344 1342 1560 1391; x_wconf 80' lang='lat' dir='ltr'><strong>misceri</strong></span> <span class='ocrx_word' id='word_1_86' title='bbox 1614 1344 1793 1390; x_wconf 84' lang='lat' dir='ltr'><strong>omnia</strong></span> <span class='ocrx_word' id='word_1_87' title='bbox 1840 1352 2111 1391; x_wconf 86' lang='lat' dir='ltr'><strong>cerneres.</strong></span> <span class='ocrx_word' id='word_1_88' title='bbox 2180 1340 2321 1390; x_wconf 87' lang='lat' dir='ltr'><strong>Nam</strong></span> 
     </span>
     <span class='ocr_line' id='line_1_13' title="bbox 569 1429 2321 1495; baseline -0.001 -16"><span class='ocrx_word' id='word_1_89' title='bbox 569 1432 854 1494; x_wconf 87' lang='lat' dir='ltr'><strong>imperium</strong></span> <span class='ocrx_word' id='word_1_90' title='bbox 879 1431 1045 1480; x_wconf 86' lang='lat' dir='ltr'><strong>facile</strong></span> <span class='ocrx_word' id='word_1_91' title='bbox 1085 1431 1169 1479; x_wconf 85' lang='lat' dir='ltr'><strong>bis</strong></span> <span class='ocrx_word' id='word_1_92' title='bbox 1205 1430 1414 1479; x_wconf 85' lang='lat' dir='ltr'><strong>artibus</strong></span> <span class='ocrx_word' id='word_1_93' title='bbox 1448 1431 1735 1495; x_wconf 82' lang='lat' dir='ltr'><strong>retinetur,</strong></span> <span class='ocrx_word' id='word_1_94' title='bbox 1771 1429 1961 1492; x_wconf 86' lang='lat' dir='ltr'><strong>quibus</strong></span> <span class='ocrx_word' id='word_1_95' title='bbox 1996 1430 2153 1478; x_wconf 89' lang='lat' dir='ltr'><strong>initio</strong></span> <span class='ocrx_word' id='word_1_96' title='bbox 2190 1442 2321 1491; x_wconf 86' lang='lat' dir='ltr'><strong>par-</strong></span> 
     </span>
     <span class='ocr_line' id='line_1_14' title="bbox 571 1508 2320 1581; baseline 0.001 -14"><span class='ocrx_word' id='word_1_97' title='bbox 571 1524 684 1567; x_wconf 85' lang='lat' dir='ltr'><strong>tum</strong></span> <span class='ocrx_word' id='word_1_98' title='bbox 719 1522 820 1569; x_wconf 89' lang='lat' dir='ltr'><strong>est.</strong></span> <span class='ocrx_word' id='word_1_99' title='bbox 871 1519 1074 1569; x_wconf 87' lang='lat' dir='ltr'><strong>Verum</strong></span> <span class='ocrx_word' id='word_1_100' title='bbox 1112 1519 1201 1567; x_wconf 87' lang='lat' dir='ltr'><strong>ubi</strong></span> <span class='ocrx_word' id='word_1_101' title='bbox 1237 1530 1337 1580; x_wconf 87' lang='lat' dir='ltr'><strong>pro</strong></span> <span class='ocrx_word' id='word_1_102' title='bbox 1371 1508 1561 1568; x_wconf 80' lang='lat' dir='ltr'><strong>labore</strong></span> <span class='ocrx_word' id='word_1_103' title='bbox 1588 1518 1811 1581; x_wconf 80' lang='lat' dir='ltr'><strong>desidia,</strong></span> <span class='ocrx_word' id='word_1_104' title='bbox 1850 1530 1949 1579; x_wconf 88' lang='lat' dir='ltr'><strong>pro</strong></span> <span class='ocrx_word' id='word_1_105' title='bbox 1986 1518 2320 1568; x_wconf 85' lang='lat' dir='ltr'><strong>continentia</strong></span> 
     </span>
     <span class='ocr_line' id='line_1_15' title="bbox 571 1606 2320 1672; baseline -0.001 -15"><span class='ocrx_word' id='word_1_106' title='bbox 571 1612 628 1658; x_wconf 88' lang='lat' dir='ltr'><strong>et</strong></span> <span class='ocrx_word' id='word_1_107' title='bbox 671 1609 948 1671; x_wconf 85' lang='lat' dir='ltr'><strong>aequitate</strong></span> <span class='ocrx_word' id='word_1_108' title='bbox 1002 1606 1187 1656; x_wconf 86' lang='lat' dir='ltr'><strong>lubido</strong></span> <span class='ocrx_word' id='word_1_109' title='bbox 1247 1610 1408 1668; x_wconf 84' lang='lat' dir='ltr'><strong>atque</strong></span> <span class='ocrx_word' id='word_1_110' title='bbox 1462 1607 1714 1669; x_wconf 87' lang='lat' dir='ltr'><strong>superbia</strong></span> <span class='ocrx_word' id='word_1_111' title='bbox 1762 1608 2049 1672; x_wconf 85' lang='lat' dir='ltr'><strong>invasere,</strong></span> <span class='ocrx_word' id='word_1_112' title='bbox 2098 1606 2320 1656; x_wconf 75' lang='lat' dir='ltr'><strong>fortuna</strong></span> 
     </span>
     <span class='ocr_line' id='line_1_16' title="bbox 497 1694 2315 1757; baseline 0 -14"><span class='ocrx_word' id='word_1_113' title='bbox 497 1694 559 1744; x_wconf 85' lang='lat'><strong>15</strong></span> <span class='ocrx_word' id='word_1_114' title='bbox 573 1696 735 1746; x_wconf 87' lang='lat' dir='ltr'><strong>simul</strong></span> <span class='ocrx_word' id='word_1_115' title='bbox 773 1709 893 1747; x_wconf 92' lang='lat' dir='ltr'><strong>cum</strong></span> <span class='ocrx_word' id='word_1_116' title='bbox 927 1697 1168 1746; x_wconf 87' lang='lat' dir='ltr'><strong>moribus</strong></span> <span class='ocrx_word' id='word_1_117' title='bbox 1200 1697 1511 1745; x_wconf 88' lang='lat' dir='ltr'><strong>inmutatur.</strong></span> <span class='ocrx_word' id='word_1_118' title='bbox 1568 1697 1653 1745; x_wconf 83' lang='lat' dir='ltr'><strong>Ita</strong></span> <span class='ocrx_word' id='word_1_119' title='bbox 1687 1694 1965 1756; x_wconf 88' lang='lat' dir='ltr'><strong>imperium</strong></span> <span class='ocrx_word' id='word_1_120' title='bbox 2002 1706 2213 1757; x_wconf 84' lang='lat' dir='ltr'><strong>semper</strong></span> <span class='ocrx_word' id='word_1_121' title='bbox 2246 1694 2315 1743; x_wconf 86' lang='lat' dir='ltr'><strong>ad</strong></span> 
     </span>
     <span class='ocr_line' id='line_1_17' title="bbox 571 1778 2320 1849; baseline -0.002 -14"><span class='ocrx_word' id='word_1_122' title='bbox 571 1791 844 1849; x_wconf 87' lang='lat' dir='ltr'><strong>optumum</strong></span> <span class='ocrx_word' id='word_1_123' title='bbox 897 1797 1157 1848; x_wconf 82' lang='lat' dir='ltr'><strong>quemque</strong></span> <span class='ocrx_word' id='word_1_124' title='bbox 1212 1797 1246 1834; x_wconf 88' lang='lat' dir='ltr'><strong>a</strong></span> <span class='ocrx_word' id='word_1_125' title='bbox 1298 1786 1473 1833; x_wconf 88' lang='lat' dir='ltr'><strong>minus</strong></span> <span class='ocrx_word' id='word_1_126' title='bbox 1530 1786 1669 1834; x_wconf 86' lang='lat' dir='ltr'><strong>bono</strong></span> <span class='ocrx_word' id='word_1_127' title='bbox 1736 1782 2077 1832; x_wconf 84' lang='lat' dir='ltr'><strong>transfertur.</strong></span> <span class='ocrx_word' id='word_1_128' title='bbox 2168 1778 2320 1845; x_wconf 81' lang='lat' dir='ltr'><strong>Quae</strong></span> 
     </span>
     <span class='ocr_line' id='line_1_18' title="bbox 569 1873 2321 1937; baseline -0.002 -14"><span class='ocrx_word' id='word_1_129' title='bbox 569 1875 813 1924; x_wconf 84' lang='lat' dir='ltr'><strong>homines</strong></span> <span class='ocrx_word' id='word_1_130' title='bbox 847 1876 1032 1934; x_wconf 87' lang='lat' dir='ltr'><strong>arant,</strong></span> <span class='ocrx_word' id='word_1_131' title='bbox 1069 1874 1365 1937; x_wconf 83' lang='lat' dir='ltr'><strong>navigant,</strong></span> <span class='ocrx_word' id='word_1_132' title='bbox 1405 1873 1725 1936; x_wconf 84' lang='lat' dir='ltr'><strong>aedificant,</strong></span> <span class='ocrx_word' id='word_1_133' title='bbox 1776 1873 1965 1921; x_wconf 86' lang='lat' dir='ltr'><strong>virtuti</strong></span> <span class='ocrx_word' id='word_1_134' title='bbox 2002 1873 2182 1921; x_wconf 88' lang='lat' dir='ltr'><strong>omnia</strong></span> <span class='ocrx_word' id='word_1_135' title='bbox 2216 1884 2321 1932; x_wconf 86' lang='lat' dir='ltr'><strong>pa-</strong></span> 
     </span>
     <span class='ocr_line' id='line_1_19' title="bbox 567 1960 2319 2024; baseline -0.002 -13"><span class='ocrx_word' id='word_1_136' title='bbox 567 1964 706 2011; x_wconf 89' lang='lat' dir='ltr'><strong>rent.</strong></span> <span class='ocrx_word' id='word_1_137' title='bbox 777 1963 884 2012; x_wconf 81' lang='lat' dir='ltr'><strong>Sed</strong></span> <span class='ocrx_word' id='word_1_138' title='bbox 937 1960 1093 2011; x_wconf 82' lang='lat' dir='ltr'><strong>multi</strong></span> <span class='ocrx_word' id='word_1_139' title='bbox 1145 1960 1407 2012; x_wconf 85' lang='lat' dir='ltr'><strong>mortales</strong></span> <span class='ocrx_word' id='word_1_140' title='bbox 1460 1960 1626 2010; x_wconf 87' lang='lat' dir='ltr'><strong>dediti</strong></span> <span class='ocrx_word' id='word_1_141' title='bbox 1673 1962 1853 2009; x_wconf 86' lang='lat' dir='ltr'><strong>ventri</strong></span> <span class='ocrx_word' id='word_1_142' title='bbox 1904 1963 2065 2023; x_wconf 88' lang='lat' dir='ltr'><strong>atque</strong></span> <span class='ocrx_word' id='word_1_143' title='bbox 2112 1971 2319 2024; x_wconf 84' lang='lat' dir='ltr'><strong>somno,</strong></span> 
     </span>
     <span class='ocr_line' id='line_1_20' title="bbox 568 2048 2316 2112; baseline 0 -14"><span class='ocrx_word' id='word_1_144' title='bbox 568 2050 774 2099; x_wconf 86' lang='lat' dir='ltr'><strong>indocti</strong></span> <span class='ocrx_word' id='word_1_145' title='bbox 804 2048 1105 2110; x_wconf 84' lang='lat' dir='ltr'><strong>incultique</strong></span> <span class='ocrx_word' id='word_1_146' title='bbox 1138 2050 1309 2098; x_wconf 84' lang='lat' dir='ltr'><strong>vitam</strong></span> <span class='ocrx_word' id='word_1_147' title='bbox 1345 2049 1506 2097; x_wconf 88' lang='lat' dir='ltr'><strong>sicuti</strong></span> <span class='ocrx_word' id='word_1_148' title='bbox 1554 2048 1963 2112; x_wconf 85' lang='lat' dir='ltr'><strong>peregrinantes</strong></span> <span class='ocrx_word' id='word_1_149' title='bbox 2016 2050 2316 2109; x_wconf 86' lang='lat' dir='ltr'><strong>transiere;</strong></span> 
     </span>
     <span class='ocr_line' id='line_1_21' title="bbox 493 2137 2319 2203; baseline -0.001 -14"><span class='ocrx_word' id='word_1_150' title='bbox 493 2137 764 2201; x_wconf 82' lang='lat' dir='ltr'><strong>20quibus</strong></span> <span class='ocrx_word' id='word_1_151' title='bbox 798 2137 1049 2199; x_wconf 83' lang='lat' dir='ltr'><strong>profecto</strong></span> <span class='ocrx_word' id='word_1_152' title='bbox 1089 2139 1285 2186; x_wconf 88' lang='lat' dir='ltr'><strong>contra</strong></span> <span class='ocrx_word' id='word_1_153' title='bbox 1306 2140 1557 2186; x_wconf 86' lang='lat' dir='ltr'><strong>naturam</strong></span> <span class='ocrx_word' id='word_1_154' title='bbox 1583 2149 1779 2199; x_wconf 89' lang='lat' dir='ltr'><strong>corpus</strong></span> <span class='ocrx_word' id='word_1_155' title='bbox 1804 2137 2103 2203; x_wconf 85' lang='lat' dir='ltr'><strong>voluptati,</strong></span> <span class='ocrx_word' id='word_1_156' title='bbox 2137 2138 2319 2187; x_wconf 86' lang='lat' dir='ltr'><strong>anima</strong></span> 
     </span>
     <span class='ocr_line' id='line_1_22' title="bbox 569 2225 2317 2288; baseline 0 -13"><span class='ocrx_word' id='word_1_157' title='bbox 569 2226 725 2276; x_wconf 87' lang='lat' dir='ltr'><strong>oneri</strong></span> <span class='ocrx_word' id='word_1_158' title='bbox 748 2225 868 2274; x_wconf 81' lang='lat' dir='ltr'><strong>fuit.</strong></span> <span class='ocrx_word' id='word_1_159' title='bbox 921 2225 1123 2275; x_wconf 87' lang='lat' dir='ltr'><strong>Eorum</strong></span> <span class='ocrx_word' id='word_1_160' title='bbox 1158 2236 1262 2287; x_wconf 86' lang='lat' dir='ltr'><strong>ego</strong></span> <span class='ocrx_word' id='word_1_161' title='bbox 1295 2226 1465 2274; x_wconf 85' lang='lat' dir='ltr'><strong>vitam</strong></span> <span class='ocrx_word' id='word_1_162' title='bbox 1500 2227 1829 2287; x_wconf 88' lang='lat' dir='ltr'><strong>mortemque</strong></span> <span class='ocrx_word' id='word_1_163' title='bbox 1866 2227 2019 2274; x_wconf 85' lang='lat' dir='ltr'><strong>iuxta</strong></span> <span class='ocrx_word' id='word_1_164' title='bbox 2054 2229 2317 2288; x_wconf 85' lang='lat' dir='ltr'><strong>aestumo,</strong></span> 
     </span>
     <span class='ocr_line' id='line_1_23' title="bbox 568 2312 2317 2376; baseline 0.001 -13"><span class='ocrx_word' id='word_1_165' title='bbox 568 2315 820 2376; x_wconf 89' lang='lat' dir='ltr'><strong>quoniam</strong></span> <span class='ocrx_word' id='word_1_166' title='bbox 857 2313 922 2362; x_wconf 86' lang='lat' dir='ltr'><strong>de</strong></span> <span class='ocrx_word' id='word_1_167' title='bbox 953 2317 1179 2374; x_wconf 88' lang='lat' dir='ltr'><strong>utraque</strong></span> <span class='ocrx_word' id='word_1_168' title='bbox 1203 2312 1415 2362; x_wconf 86' lang='lat' dir='ltr'><strong>siletur.</strong></span> <span class='ocrx_word' id='word_1_169' title='bbox 1466 2313 1675 2363; x_wconf 88' lang='lat' dir='ltr'><strong>Verum</strong></span> <span class='ocrx_word' id='word_1_170' title='bbox 1710 2316 1987 2363; x_wconf 83' lang='lat' dir='ltr'><strong>enimvero</strong></span> <span class='ocrx_word' id='word_1_171' title='bbox 2022 2315 2071 2364; x_wconf 87' lang='lat' dir='ltr'><strong>is</strong></span> <span class='ocrx_word' id='word_1_172' title='bbox 2108 2315 2317 2364; x_wconf 88' lang='lat' dir='ltr'><strong>demum</strong></span> 
     </span>
     <span class='ocr_line' id='line_1_24' title="bbox 568 2401 2313 2467; baseline 0.002 -18"><span class='ocrx_word' id='word_1_173' title='bbox 568 2403 698 2450; x_wconf 87' lang='lat' dir='ltr'><strong>mihi</strong></span> <span class='ocrx_word' id='word_1_174' title='bbox 732 2403 926 2450; x_wconf 83' lang='lat' dir='ltr'><strong>vivere</strong></span> <span class='ocrx_word' id='word_1_175' title='bbox 961 2403 1123 2462; x_wconf 88' lang='lat' dir='ltr'><strong>atque</strong></span> <span class='ocrx_word' id='word_1_176' title='bbox 1161 2402 1271 2451; x_wconf 83' lang='lat' dir='ltr'><strong>frui</strong></span> <span class='ocrx_word' id='word_1_177' title='bbox 1294 2402 1473 2450; x_wconf 88' lang='lat' dir='ltr'><strong>anima</strong></span> <span class='ocrx_word' id='word_1_178' title='bbox 1497 2401 1733 2464; x_wconf 86' lang='lat' dir='ltr'><strong>videtur,</strong></span> <span class='ocrx_word' id='word_1_179' title='bbox 1770 2403 1858 2463; x_wconf 88' lang='lat' dir='ltr'><strong>qui</strong></span> <span class='ocrx_word' id='word_1_180' title='bbox 1883 2401 2065 2464; x_wconf 85' lang='lat' dir='ltr'><strong>aliquo</strong></span> <span class='ocrx_word' id='word_1_181' title='bbox 2090 2404 2313 2467; x_wconf 86' lang='lat' dir='ltr'><strong>negotio</strong></span> 
     </span>
     <span class='ocr_line' id='line_1_25' title="bbox 568 2488 2315 2553; baseline 0.001 -15"><span class='ocrx_word' id='word_1_182' title='bbox 568 2490 808 2538; x_wconf 85' lang='lat' dir='ltr'><strong>intentus</strong></span> <span class='ocrx_word' id='word_1_183' title='bbox 833 2488 1107 2550; x_wconf 86' lang='lat' dir='ltr'><strong>praeclari</strong></span> <span class='ocrx_word' id='word_1_184' title='bbox 1126 2489 1387 2540; x_wconf 84' lang='lat' dir='ltr'><strong>facinoris</strong></span> <span class='ocrx_word' id='word_1_185' title='bbox 1411 2490 1505 2539; x_wconf 88' lang='lat' dir='ltr'><strong>aut</strong></span> <span class='ocrx_word' id='word_1_186' title='bbox 1524 2491 1659 2539; x_wconf 89' lang='lat' dir='ltr'><strong>artis</strong></span> <span class='ocrx_word' id='word_1_187' title='bbox 1683 2490 1856 2538; x_wconf 87' lang='lat' dir='ltr'><strong>bonae</strong></span> <span class='ocrx_word' id='word_1_188' title='bbox 1878 2491 2069 2539; x_wconf 84' lang='lat' dir='ltr'><strong>famam</strong></span> <span class='ocrx_word' id='word_1_189' title='bbox 2092 2493 2315 2553; x_wconf 88' lang='lat' dir='ltr'><strong>quaerit.</strong></span> 
     </span>
     <span class='ocr_line' id='line_1_26' title="bbox 492 2577 2313 2640; baseline 0 -12"><span class='ocrx_word' id='word_1_190' title='bbox 492 2578 557 2628; x_wconf 83' lang='lat'><strong>25</strong></span> <span class='ocrx_word' id='word_1_191' title='bbox 573 2577 680 2628; x_wconf 84' lang='lat' dir='ltr'><strong>Sed</strong></span> <span class='ocrx_word' id='word_1_192' title='bbox 707 2578 764 2626; x_wconf 86' lang='lat' dir='ltr'><strong>in</strong></span> <span class='ocrx_word' id='word_1_193' title='bbox 788 2589 985 2640; x_wconf 87' lang='lat' dir='ltr'><strong>magna</strong></span> <span class='ocrx_word' id='word_1_194' title='bbox 1010 2579 1170 2640; x_wconf 87' lang='lat' dir='ltr'><strong>copia</strong></span> <span class='ocrx_word' id='word_1_195' title='bbox 1191 2591 1372 2628; x_wconf 89' lang='lat' dir='ltr'><strong>rerum</strong></span> <span class='ocrx_word' id='word_1_196' title='bbox 1399 2577 1545 2628; x_wconf 89' lang='lat' dir='ltr'><strong>aliud</strong></span> <span class='ocrx_word' id='word_1_197' title='bbox 1572 2577 1669 2626; x_wconf 88' lang='lat' dir='ltr'><strong>alii</strong></span> <span class='ocrx_word' id='word_1_198' title='bbox 1693 2583 1891 2627; x_wconf 80' lang='lat' dir='ltr'><strong>natura</strong></span> <span class='ocrx_word' id='word_1_199' title='bbox 1922 2580 2029 2627; x_wconf 87' lang='lat' dir='ltr'><strong>iter</strong></span> <span class='ocrx_word' id='word_1_200' title='bbox 2063 2581 2313 2628; x_wconf 86' lang='lat' dir='ltr'><strong>ostendit.</strong></span> 
     </span>
     <span class='ocr_line' id='line_1_27' title="bbox 673 2665 2313 2729; baseline 0.002 -16"><span class='ocrx_word' id='word_1_201' title='bbox 673 2665 725 2714; x_wconf 81' lang='lat'><strong>3.</strong></span> <span class='ocrx_word' id='word_1_202' title='bbox 763 2665 1051 2716; x_wconf 84' lang='lat' dir='ltr'><strong>Pulchrum</strong></span> <span class='ocrx_word' id='word_1_203' title='bbox 1082 2667 1167 2714; x_wconf 89' lang='lat' dir='ltr'><strong>est</strong></span> <span class='ocrx_word' id='word_1_204' title='bbox 1192 2666 1329 2714; x_wconf 89' lang='lat' dir='ltr'><strong>bene</strong></span> <span class='ocrx_word' id='word_1_205' title='bbox 1352 2665 1538 2715; x_wconf 84' lang='lat' dir='ltr'><strong>facere</strong></span> <span class='ocrx_word' id='word_1_206' title='bbox 1562 2667 1644 2714; x_wconf 89' lang='lat' dir='ltr'><strong>rei</strong></span> <span class='ocrx_word' id='word_1_207' title='bbox 1671 2665 1921 2728; x_wconf 86' lang='lat' dir='ltr'><strong>publicae</strong></span> <span class='ocrx_word' id='word_1_208' title='bbox 1934 2680 1951 2729; x_wconf 92' lang='lat'>;</span> <span class='ocrx_word' id='word_1_209' title='bbox 1990 2669 2153 2715; x_wconf 86' lang='lat' dir='ltr'><strong>etiam</strong></span> <span class='ocrx_word' id='word_1_210' title='bbox 2178 2669 2313 2716; x_wconf 85' lang='lat' dir='ltr'><strong>bene</strong></span> 
     </span>
     <span class='ocr_line' id='line_1_28' title="bbox 569 2753 2313 2817; baseline 0.002 -15"><span class='ocrx_word' id='word_1_211' title='bbox 569 2755 753 2804; x_wconf 88' lang='lat' dir='ltr'><strong>dicere</strong></span> <span class='ocrx_word' id='word_1_212' title='bbox 788 2754 929 2804; x_wconf 88' lang='lat' dir='ltr'><strong>baud</strong></span> <span class='ocrx_word' id='word_1_213' title='bbox 966 2753 1256 2802; x_wconf 85' lang='lat' dir='ltr'><strong>absurdum</strong></span> <span class='ocrx_word' id='word_1_214' title='bbox 1297 2757 1411 2817; x_wconf 80' lang='lat' dir='ltr'><strong>est3</strong></span> <span class='ocrx_word' id='word_1_215' title='bbox 1458 2753 1553 2802; x_wconf 83' lang='lat' dir='ltr'><strong>vel</strong></span> <span class='ocrx_word' id='word_1_216' title='bbox 1589 2765 1725 2815; x_wconf 84' lang='lat' dir='ltr'><strong>pace</strong></span> <span class='ocrx_word' id='word_1_217' title='bbox 1775 2755 1867 2804; x_wconf 86' lang='lat' dir='ltr'><strong>vel</strong></span> <span class='ocrx_word' id='word_1_218' title='bbox 1913 2754 2057 2806; x_wconf 87' lang='lat' dir='ltr'><strong>bello</strong></span> <span class='ocrx_word' id='word_1_219' title='bbox 2106 2755 2313 2805; x_wconf 87' lang='lat' dir='ltr'><strong>clarum</strong></span> 
     </span>
     <span class='ocr_line' id='line_1_29' title="bbox 567 2841 2316 2910; baseline 0.002 -21"><span class='ocrx_word' id='word_1_220' title='bbox 567 2841 687 2889; x_wconf 84' lang='lat' dir='ltr'><strong>fieri</strong></span> <span class='ocrx_word' id='word_1_221' title='bbox 721 2841 883 2904; x_wconf 86' lang='lat' dir='ltr'><strong>licet3</strong></span> <span class='ocrx_word' id='word_1_222' title='bbox 923 2844 980 2890; x_wconf 88' lang='lat' dir='ltr'><strong>et</strong></span> <span class='ocrx_word' id='word_1_223' title='bbox 1015 2842 1105 2902; x_wconf 87' lang='lat' dir='ltr'><strong>qui</strong></span> <span class='ocrx_word' id='word_1_224' title='bbox 1142 2841 1329 2890; x_wconf 84' lang='lat' dir='ltr'><strong>fecere</strong></span> <span class='ocrx_word' id='word_1_225' title='bbox 1367 2845 1422 2889; x_wconf 89' lang='lat' dir='ltr'><strong>et</strong></span> <span class='ocrx_word' id='word_1_226' title='bbox 1458 2843 1546 2903; x_wconf 90' lang='lat' dir='ltr'><strong>qui</strong></span> <span class='ocrx_word' id='word_1_227' title='bbox 1581 2842 1731 2892; x_wconf 81' lang='lat' dir='ltr'><strong>facta</strong></span> <span class='ocrx_word' id='word_1_228' title='bbox 1768 2843 1997 2892; x_wconf 85' lang='lat' dir='ltr'><strong>aliorum</strong></span> <span class='ocrx_word' id='word_1_229' title='bbox 2023 2845 2316 2910; x_wconf 86' lang='lat' dir='ltr'><strong>scripsere,</strong></span> 
     </span>
     <span class='ocr_line' id='line_1_30' title="bbox 568 2921 2312 2998; baseline 0.005 -21"><span class='ocrx_word' id='word_1_230' title='bbox 568 2927 723 2978; x_wconf 88' lang='lat' dir='ltr'><strong>multi</strong></span> <span class='ocrx_word' id='word_1_231' title='bbox 747 2927 1053 2979; x_wconf 86' lang='lat' dir='ltr'><strong>laudantur.</strong></span> <span class='ocrx_word' id='word_1_232' title='bbox 1106 2929 1192 2978; x_wconf 82' lang='lat' dir='ltr'><strong>Ac</strong></span> <span class='ocrx_word' id='word_1_233' title='bbox 1226 2927 1356 2978; x_wconf 86' lang='lat' dir='ltr'><strong>mihi</strong></span> <span class='ocrx_word' id='word_1_234' title='bbox 1398 2929 1629 2998; x_wconf 87' lang='lat' dir='ltr'><strong>quidem,</strong></span> <span class='ocrx_word' id='word_1_235' title='bbox 1666 2921 1880 2980; x_wconf 80' lang='lat' dir='ltr'><strong>tametsi</strong></span> <span class='ocrx_word' id='word_1_236' title='bbox 1908 2930 2312 2996; x_wconf 83' lang='lat' dir='ltr'><strong>haudquaquam</strong></span> 
     </span>
    </p>
   </div>
   <div class='ocr_carea' id='block_1_3' title="bbox 571 3072 958 3085">
    <p class='ocr_par' dir='ltr' id='par_1_3' title="bbox 571 3072 958 3085">
     <span class='ocr_line' id='line_1_31' title="bbox 571 3072 958 3085; baseline 0 0"><span class='ocrx_word' id='word_1_237' title='bbox 571 3072 958 3085; x_wconf 95' lang='lat' dir='ltr'><strong> </strong></span> 
     </span>
    </p>
   </div>
   <div class='ocr_carea' id='block_1_4' title="bbox 565 3163 2313 3351">
    <p class='ocr_par' dir='ltr' id='par_1_4' title="bbox 565 3163 2313 3351">
     <span class='ocr_line' id='line_1_32' title="bbox 664 3163 2313 3218; baseline 0.003 -17"><span class='ocrx_word' id='word_1_238' title='bbox 664 3163 704 3202; x_wconf 71' lang='lat'><strong>2.</strong></span> <span class='ocrx_word' id='word_1_239' title='bbox 731 3163 873 3214; x_wconf 72' lang='grc' dir='ltr'><strong>αιὲφω</strong></span> <span class='ocrx_word' id='word_1_240' title='bbox 897 3164 945 3202; x_wconf 67' lang='lat' dir='ltr'><strong>V.</strong></span> <span class='ocrx_word' id='word_1_241' title='bbox 963 3165 1013 3204; x_wconf 73' lang='lat' dir='ltr'><strong>G.</strong></span> <span class='ocrx_word' id='word_1_242' title='bbox 1031 3165 1084 3204; x_wconf 76' lang='grc' dir='ltr'><strong>Κ.</strong></span> <span class='ocrx_word' id='word_1_243' title='bbox 1115 3164 1332 3216; x_wconf 77' lang='lat' dir='ltr'><strong>(ubique).</strong></span> <span class='ocrx_word' id='word_1_244' title='bbox 1350 3185 1401 3198; x_wconf 85' lang='lat'><strong>--</strong></span> <span class='ocrx_word' id='word_1_245' title='bbox 1423 3167 1459 3205; x_wconf 78' lang='lat'><strong>4.</strong></span> <span class='ocrx_word' id='word_1_246' title='bbox 1492 3172 1609 3218; x_wconf 75' lang='lat' dir='ltr'><strong>aeque</strong></span> <span class='ocrx_word' id='word_1_247' title='bbox 1634 3166 1803 3206; x_wconf 71' lang='lat' dir='ltr'><strong>seclusit</strong></span> <span class='ocrx_word' id='word_1_248' title='bbox 1828 3167 1876 3206; x_wconf 70' lang='grc' dir='ltr'><strong>Θ.</strong></span> <span class='ocrx_word' id='word_1_249' title='bbox 1894 3187 1945 3196; x_wconf 91' lang='grc'><strong>-</strong></span> <span class='ocrx_word' id='word_1_250' title='bbox 1966 3165 2169 3206; x_wconf 65' lang='lat' dir='ltr'><strong>libidinem</strong></span> <span class='ocrx_word' id='word_1_251' title='bbox 2195 3168 2244 3206; x_wconf 80' lang='lat' dir='ltr'><strong>V.</strong></span> <span class='ocrx_word' id='word_1_252' title='bbox 2263 3189 2313 3198; x_wconf 86' lang='lat'><strong>—-</strong></span> 
     </span>
     <span class='ocr_line' id='line_1_33' title="bbox 565 3231 2313 3284; baseline 0.003 -14"><span class='ocrx_word' id='word_1_253' title='bbox 565 3231 606 3272; x_wconf 73' lang='lat'><strong>9.</strong></span> <span class='ocrx_word' id='word_1_254' title='bbox 647 3233 707 3272; x_wconf 75' lang='lat' dir='ltr'><strong>uti</strong></span> <span class='ocrx_word' id='word_1_255' title='bbox 731 3231 784 3271; x_wconf 84' lang='grc' dir='ltr'><strong>Κ.</strong></span> <span class='ocrx_word' id='word_1_256' title='bbox 813 3252 862 3260; x_wconf 92' lang='lat'><strong>—-</strong></span> <span class='ocrx_word' id='word_1_257' title='bbox 899 3233 961 3272; x_wconf 76' lang='lat'><strong>12.</strong></span> <span class='ocrx_word' id='word_1_258' title='bbox 999 3234 1054 3273; x_wconf 70' lang='lat' dir='ltr'><strong>iis</strong></span> <span class='ocrx_word' id='word_1_259' title='bbox 1076 3233 1128 3274; x_wconf 86' lang='lat' dir='ltr'><strong>V.</strong></span> <span class='ocrx_word' id='word_1_260' title='bbox 1155 3253 1206 3264; x_wconf 89' lang='lat'><em>-</em></span> <span class='ocrx_word' id='word_1_261' title='bbox 1257 3234 1318 3274; x_wconf 77' lang='lat'><strong>16.</strong></span> <span class='ocrx_word' id='word_1_262' title='bbox 1362 3233 1475 3283; x_wconf 73' lang='lat' dir='ltr'><strong>Quae</strong></span> <span class='ocrx_word' id='word_1_263' title='bbox 1507 3247 1637 3272; x_wconf 74' lang='lat' dir='ltr'><strong>omnes</strong></span> <span class='ocrx_word' id='word_1_264' title='bbox 1660 3235 1711 3274; x_wconf 85' lang='lat' dir='ltr'><strong>V.</strong></span> <span class='ocrx_word' id='word_1_265' title='bbox 1739 3255 1790 3266; x_wconf 87' lang='lat'><em>-</em></span> <span class='ocrx_word' id='word_1_266' title='bbox 1840 3235 1899 3275; x_wconf 82' lang='lat'><strong>19.</strong></span> <span class='ocrx_word' id='word_1_267' title='bbox 1940 3239 2163 3284; x_wconf 59' lang='lat' dir='ltr'><strong>hammer-e</strong></span> <span class='ocrx_word' id='word_1_268' title='bbox 2188 3235 2235 3275; x_wconf 72' lang='lat' dir='ltr'><strong>V.</strong></span> <span class='ocrx_word' id='word_1_269' title='bbox 2262 3256 2313 3270; x_wconf 75' lang='lat'><strong>-·</strong></span> 
     </span>
     <span class='ocr_line' id='line_1_34' title="bbox 565 3299 1806 3351; baseline 0.002 -12"><span class='ocrx_word' id='word_1_270' title='bbox 565 3299 628 3339; x_wconf 68' lang='lat'><strong>22.</strong></span> <span class='ocrx_word' id='word_1_271' title='bbox 655 3299 752 3340; x_wconf 64' lang='lat' dir='ltr'><strong>mehe·</strong></span> <span class='ocrx_word' id='word_1_272' title='bbox 775 3302 909 3340; x_wconf 68' lang='lat' dir='ltr'><strong>vivere</strong></span> <span class='ocrx_word' id='word_1_273' title='bbox 937 3301 1089 3340; x_wconf 77' lang='lat' dir='ltr'><strong>demum</strong></span> <span class='ocrx_word' id='word_1_274' title='bbox 1115 3303 1161 3340; x_wconf 78' lang='lat' dir='ltr'><strong>V.</strong></span> <span class='ocrx_word' id='word_1_275' title='bbox 1194 3325 1234 3334; x_wconf 88' lang='lat'><em>-</em></span> <span class='ocrx_word' id='word_1_276' title='bbox 1288 3304 1352 3342; x_wconf 74' lang='lat'><strong>28.</strong></span> <span class='ocrx_word' id='word_1_277' title='bbox 1380 3303 1496 3344; x_wconf 73' lang='lat' dir='ltr'><strong>Fon-t.</strong></span> <span class='ocrx_word' id='word_1_278' title='bbox 1524 3302 1689 3351; x_wconf 69' lang='lat' dir='ltr'><strong>aliquoi.</strong></span> <span class='ocrx_word' id='word_1_279' title='bbox 1722 3303 1806 3342; x_wconf 79' lang='lat' dir='ltr'><strong>OB.</strong></span> 
     </span>
    </p>
   </div>
   <div class='ocr_carea' id='block_1_5' title="bbox 1165 3570 1166 3766">
    <p class='ocr_par' dir='ltr' id='par_1_5' title="bbox 1165 3570 1166 3766">
     <span class='ocr_line' id='line_1_35' title="bbox 1165 3570 1166 3766; baseline 0 159"><span class='ocrx_word' id='word_1_280' title='bbox 1165 3570 1166 3766; x_wconf 95' lang='lat' dir='ltr'><strong> </strong></span> 
     </span>
    </p>
   </div>
  </div>
 </body>
</html>
