2525 3925
838 325 1203 386 mulionum
1238 324 1394 378 CXB.
1875 327 1991 385 2055

260 487 457 537 equum
494 475 723 540 ademit,
778 477 917 536 quod
968 487 1003 524 a.
1051 474 1251 537 populo
1301 475 1582 524 damnatus
1629 476 1890 538 actusque
1937 477 1994 526 in

258 563 510 614 exsilium
546 557 751 626 fuerat,
800 568 859 612 et
892 563 1083 614 Livius
1118 561 1376 629 Claudio,
1423 563 1565 626 quod
1607 562 1802 613 falsum
1841 565 1898 614 in
1933 575 1996 614 se

261 653 629 702 testimonium
676 653 905 704 dixisset
952 657 1009 702 et
1054 652 1197 716 quod
1243 663 1349 702 non
1392 653 1539 704 >bona
1575 650 1682 702 fide
1718 663 1902 702 secum
1939 654 1996 702 iu

257 743 490 804 gratiam
516 729 764 792 redisset.
838 739 978 788 [dem
1018 753 1203 790 omnes
1240 743 1414 790 tribus
1451 725 1608 788 eitra
1645 750 1800 788 unam
1833 751 1996 788 aera-

259 831 371 878 rias
402 829 814 895 reliquit,-quod
851 831 905 876 et
941 829 1284 878 innocentem
1319 841 1380 877 se
1417 828 1762 878 damnassent
1801 833 1856 876 et
1893 825 2034 888 po-5

258 925 381 967 stea
417 917 692 968 consulem
728 928 1121 978 censoremque
1152 917 1433 967 fecissent.

908 1035 1139 1085 Liber
1193 1035 1356 1084 XXX.

171 1143 254 1180 551
366 1141 429 1186 ln
465 1137 657 1187 Africa
692 1137 875 1200 Scipio
915 1137 1400 1198 Karthaginienses
1437 1137 1493 1185 et
1529 1137 1756 1186 eundem
1781 1135 1999 1199 Sypha-

265 1239 383 1274 cem
416 1225 767 1274 Numidarum
803 1239 986 1288 regem
1017 1223 1522 1286 Hasdrubalemque
1557 1223 1800 1286 pluribus
1836 1237 2001 1287 proe-

260 1309 355 1364 liis
388 1315 555 1378 vicit,
593 1313 887 1363 adiuvante
922 1315 1242 1380 Masinissa,
1281 1315 1509 1376 binaque
1547 1313 1777 1364 hostium
1815 1317 1996 1364 castra
2015 1314 2078 1364 10

262 1403 613 1466 expugnavit,
653 1404 709 1450 in
749 1403 941 1464 quibus
976 1401 1332 1468 quadraginta
1369 1401 1520 1451 milia
1555 1401 1826 1451 hominum
1854 1405 2002 1452 ferro

258 1492 485 1554 ignique
522 1496 842 1552 consumpta
878 1494 1020 1540 sunt.
1094 1491 1397 1554 Syphacem
1436 1503 1534 1554 per
1571 1487 1626 1539 C.
1663 1491 1907 1559 Laelium
1947 1494 2004 1538 et

257 1579 605 1628 Masinissam
648 1579 805 1640 cepit.
879 1581 1173 1649 Masinissa
1208 1579 1602 1642 Sophonisbam
1641 1591 1858 1628 uxorem
1891 1583 2004 1640 Sy-

256 1667 477 1733 phaciS‚
518 1665 682 1714 filiam
718 1667 1105 1734 Hasdrubalis,
1158 1672 1368 1730 captam
1417 1669 1600 1716 statim
1637 1667 1914 1716 adamavit
1948 1671 2004 1716 et

255 1756 465 1816 nuptiis
514 1756 680 1804 factis
730 1767 956 1804 uxorem
1006 1753 1206 1804 habuit.
1299 1752 1611 1816 castigatus
1661 1768 1695 1804 a
1741 1755 2075 1816 Scipione15

256 1855 527 1892 venenum
563 1845 614 1892 ci
650 1844 824 1909 misit,
864 1856 967 1904 quo
1004 1843 1195 1892 hausto
1239 1841 1339 1892 illa
1389 1844 1640 1892 decessit.
1711 1841 2004 1892 Effectum-

257 1945 362 1995 que
399 1935 484 1982 est
520 1931 703 1981 multis
730 1922 999 1994 Scipionis
1037 1932 1288 1982 victoriis
1329 1936 1387 1980 ut
1413 1927 1912 1999 Karthaginienses,
1948 1933 2004 1980 in

258 2023 690 2083 desperationem
728 2022 869 2087 acti,
917 2023 973 2070 in
1020 2019 1277 2071 auxilium
1323 2020 1574 2083 publicae
1621 2021 1816 2071 salutis
1853 2023 2006 2070 Han-

255 2110 492 2159 nibalem
516 2122 584 2159 ex
614 2110 773 2161 ltalia
809 2115 1147 2160 revocarent.
1219 2112 1384 2173 Isque
1421 2122 1562 2159 anno
1599 2112 1756 2159 sexto
1795 2110 2006 2159 decimo

255 2199 423 2249 ltalia
452 2200 716 2249 decedens
750 2202 803 2248 in
832 2199 1080 2249 Africam
1115 2200 1349 2261 traiecit,
1387 2200 1729 2262 tentavitque
1760 2211 1858 2260 per
1883 2198 2080 2251 col-20

257 2288 504 2349 loquium
546 2301 739 2350 pacem
790 2302 909 2337 cum
960 2290 1216 2351 Scipione
1265 2301 1625 2351 componere3
1681 2292 1736 2336 et
1783 2300 1902 2337 cum
1940 2288 2005 2336 de

170 2377 666 2429 552c0ndicionibus
706 2378 857 2439 pacis
893 2388 1000 2425 non
1046 2376 1412 2438 convenisset,
1454 2379 1547 2435 (ad
1589 2377 1840 2431 Zamam)
1884 2377 2005 2423 acie

175 2466 440 2518 55:3victus
480 2469 579 2515 est.
652 2466 763 2513 Pax
800 2464 1344 2537 Karthaginiensibus
1383 2466 1509 2512 data
1545 2467 1630 2513 est
1679 2464 2002 2523 petentibus.

256 2552 529 2603 Hannibal
570 2553 860 2616 Gisgonem
899 2565 1087 2615 pacem
1124 2551 1526 2601 dissuadentem
1565 2564 1724 2601 manu
1765 2552 2003 2687 suaxde-

258 2644 428 2693 traxit
445 2658 463 2705 3
526 2646 785 2691 excusata
838 2640 1035 2690 deinde
1086 2641 1400 2691 temeritate
1457 2642 1589 2690 facti
1643 2642 1762 2701 ipse
1819 2652 1888 2699 pa
1923 2646 2078 2693 em25

256 2731 449 2780 suasit.
520 2734 703 2794 Mago,
740 2732 831 2793 qui
870 2728 1015 2779 bello
1052 2730 1106 2776 in
1144 2743 1280 2793 agro
1312 2730 1611 2779 Insubrium
1649 2741 1767 2779 cum
1792 2728 1997 2776 Roma-

257 2822 347 2869 nis
386 2820 722 2885 conflixerat,
755 2818 1094 2885 vulneratus,
1131 2818 1251 2877 dum
1289 2820 1343 2867 in
1372 2819 1611 2868 Africam
1653 2830 1748 2879 per
1783 2815 2002 2880 legatos

256 2912 553 2957 revocatus
597 2910 929 2971 revertitur,
976 2919 1043 2955 ex
1081 2903 1311 2955 vulnere
1359 2910 1606 2956 mortuus
1650 2909 1750 2954 est.
1834 2904 2008 2953 Masi-

259 2998 443 3046 nissae
480 3009 699 3059 regnum
736 2998 1056 3046 restitutum
1091 2982 1189 3045 est}
1262 2997 1540 3045 Reversus
1577 2996 1631 3043 in
1673 2997 1854 3045 urbem
1883 2994 2006 3043 Sci-

260 3088 353 3149 pio
390 3084 777 3147 amplissimum
816 3084 1316 3146 nobilissimumque
1341 3085 1456 3147 egit
1477 3084 1814 3145 triumphum,
1851 3095 2002 3145 quem
2017 3094 2083 3141 30

262 3170 328 3237 Q.
368 3176 656 3223 Terentius
696 3170 885 3223 Culleo
922 3176 1143 3223 senator
1178 3174 1414 3234 pileatus
1451 3175 1670 3223 secutus
1707 3178 1807 3223 est.
1879 3172 2006 3222 Sci-

365 3333 429 3371 31.
466 3331 667 3382 pileatus]
700 3332 836 3372 locum
874 3332 930 3373 itu
963 3332 1123 3383 plenius
1154 3331 1320 3371 exhibet
1345 3330 1446 3371 Cod.
1477 3331 1656 3373 Boend.=
1697 3330 1820 3380 Quem
1845 3329 1898 3378 Q.
1933 3330 2008 3369 To-
