2525 3925
591 359 661 410 22
1020 342 1026 347 '
1134 353 1195 406 c,
1231 351 1531 406 samen-1
1566 349 1796 405 cmsm

590 505 925 569 incesserat,
959 501 1237 552 adflictare
1275 513 1428 567 sese,
1476 513 1665 551 manus
1700 498 1971 561 supplices
2007 495 2076 546 ad
2115 497 2331 548 caelum

592 590 843 658 tendere,
892 591 1136 640 miserari
1175 602 1378 653 parvos
1411 589 1643 653 liberos,
1691 590 1964 654 rogitare,
2012 587 2196 636 omnia
2231 599 2333 649 pa-

589 691 754 747 vere,
806 680 1059 743 superbia
1110 681 1277 740 atque
1329 676 1540 728 deliciis
1595 679 1806 726 omissis
1855 675 1960 724 sibi
2011 677 2336 738 patriaeque

591 767 849 817 diffidere.
917 769 993 817 At
1031 764 1302 817 Catilinae
1339 765 1575 816 crudelis
1611 766 1819 816 animus
1855 766 2041 814 eadem
2075 763 2178 812 illa
2213 775 2333 812 mo-

551 854 773 923 5vebat,
811 857 1025 906 tametsi
1060 856 1332 918 praesidia
1365 855 1694 917 parabantur
1730 855 1786 902 et
1820 853 1938 914 ipse
1967 851 2091 913 lege
2115 850 2337 902 Plautia

591 945 962 1006 interrogatus
1014 948 1135 993 erat
1170 944 1239 992 ab
1273 943 1336 992 L.
1371 940 1578 992 Paullo.
1646 942 1923 991 Postremo
1963 939 2338 990 dissimulandi

595 1042 762 1082 causa
794 1033 889 1080 aut
920 1032 1007 1080 sui
1042 1030 1397 1098 expurgandi,
1431 1032 1596 1081 sicuti
1631 1031 1809 1093 iurgio
1848 1029 2140 1080 lacessitus
2173 1029 2342 1094 foret,

592 1119 652 1168 in
686 1119 930 1169 senatum
966 1119 1133 1170 venit.
1208 1120 1343 1168 'rum
1377 1122 1449 1170 Μ.
1485 1118 1696 1168 Tullius
1733 1118 1961 1182 consul,
2011 1119 2130 1167 sive
2167 1129 2337 1180 prae-

594 1207 823 1257 sentiam
859 1208 977 1257 eius
1014 1207 1209 1256 timens
1241 1209 1360 1257 sive
1394 1209 1480 1258 ira
1529 1209 1842 1272 conmotus,
1895 1206 2194 1257 orationem
2236 1206 2339 1255 lia-

520 1298 583 1350 10
596 1295 712 1348 buit
745 1294 1078 1345 luculentam
1112 1298 1278 1358 atque
1313 1294 1502 1346 utilem
1535 1297 1620 1344 rei
1653 1294 1923 1362 publicae,
1959 1307 2120 1358 quam
2144 1297 2340 1356 postea

593 1385 848 1446 scriptam
886 1383 1067 1434 edidit.
1137 1385 1246 1435 Sed
1289 1385 1381 1435 ubi
1417 1383 1515 1433 ilie
1555 1384 1784 1452 adsedit,
1825 1383 2082 1450 catilina,
2119 1387 2179 1433 ut
2217 1385 2338 1432 erat

591 1475 819 1536 paratus
862 1472 929 1522 ad
980 1473 1366 1524 dissimulanda
1414 1475 1624 1539 omnia,
1675 1473 1906 1522 demisso
1957 1473 2140 1539 voltu,
2197 1481 2338 1520 voce

592 1559 831 1622 supplici
874 1561 1179 1630 postulare,
1234 1563 1470 1612 «Patres
1517 1563 1812 1624 conscripti
1859 1573 1929 1610 ne
1979 1561 2106 1624 quid
2157 1562 2224 1609 de
2277 1571 2337 1610 se

594 1651 794 1699 temere
828 1651 1112 1699 crederent
1122 1664 1141 1714 3
1196 1663 1265 1700 ea
1309 1650 1520 1701 familia
1567 1653 1775 1718 ortum,
1816 1651 1896 1699 ita
1931 1661 1994 1699 se
2033 1649 2100 1700 ab
2142 1647 2338 1698 adule-

519 1739 580 1790 15
595 1739 806 1787 scentia
842 1739 1011 1787 vitam
1042 1740 1366 1803 instituisse,
1403 1741 1462 1788 ut
1485 1740 1663 1789 omnia
1687 1739 1828 1788 bona
1859 1739 1916 1788 in
1951 1749 2048 1801 spe
2085 1737 2341 1803 haberet3

592 1837 662 1875 ne
710 1828 1129 1892 existumarent,
1188 1829 1325 1893 sibi,
1382 1829 1616 1891 patricio
1654 1827 1879 1894 homiui,
1931 1827 2122 1890 quoius
2165 1827 2339 1888 ipsius

592 1913 758 1975 atque
793 1917 1053 1967 maiorum
1091 1916 1324 1980 plurima
1377 1916 1636 1969 beneficia
1685 1919 1742 1966 in
1791 1915 2003 1979 plebem
2037 1915 2336 1967 Romanam

594 2004 811 2069 essent,
864 2004 1077 2065 perdita
1108 2016 1173 2054 re
1208 2004 1428 2066 publica
1469 2015 1604 2067 opus
1653 2017 1810 2071 esse,
1863 2016 2022 2069 quom
2058 2016 2180 2055 eam
2215 2016 2338 2054 ser-

596 2090 753 2138 varet
800 2092 872 2140 Μ.
908 2090 1145 2156 Tullius,
1196 2091 1498 2154 inquilinus
1546 2094 1686 2142 civis
1733 2096 1880 2144 urbis
1927 2090 2182 2145 Bomaess’
2252 2092 2338 2142 Ad

517 2177 584 2230 20
597 2174 701 2226 hoe
752 2176 1044 2229 maledicta
1096 2178 1209 2229 alia
1250 2174 1415 2242 'quom
1464 2180 1713 2250 adderet,
1765 2183 2080 2245 obstrepere
2132 2193 2342 2250 omnes,

592 2263 799 2313 hostem
838 2266 1063 2328 [atque]
1089 2268 1416 2329 parricidam
1440 2282 1662 2320 vocare.
1713 2271 1846 2319 Tum
1867 2269 1968 2320 ille
1990 2270 2338 2320 furibundus:

594 2346 905 2415 «Quoniam
963 2355 1176 2415 quidem
1226 2358 1658 2425 circumventus,
1709 2360 1917 2424 inquit,
1980 2360 2048 2408 ab
2100 2358 2338 2409 inimicis

591 2451 855 2503 praeceps
887 2453 1052 2510 agor,
1090 2446 1394 2495 incendium
1433 2457 1608 2496 meum
1644 2448 1800 2496 ruina
1839 2444 2226 2511 restinguam.”

695 2527 791 2577 82.
840 2530 978 2579 Dein
1012 2544 1074 2581 se
1116 2542 1184 2582 ex
1234 2536 1388 2585 curia
1436 2536 1646 2584 domum
1693 2536 1994 2600 proripuit3
2043 2536 2120 2585 ibi
2167 2534 2342 2587 multa

517 2614 715 2679 25ipse
745 2628 930 2669 secum
962 2619 1227 2684 volvens,
1284 2622 1427 2683 quod
1472 2634 1652 2684 neque
1689 2622 1920 2673 insidiae
1957 2623 2168 2673 consuli
2205 2636 2342 2687 pro-

593 2705 859 2760 cedebant
882 2709 937 2758 et
960 2710 1026 2759 ab
1052 2708 1305 2758 incendio
1337 2708 1691 2776 intellegebat
1717 2713 1902 2763 urbem
1925 2712 2138 2775 vigiliis
2157 2714 2339 2762 muni-

691 2931 730 2968 8.
768 2931 906 2970 tollere
932 2932 1111 2973 eortius.
1150 2933 1234 2973 Sed
1270 2935 1429 2974 lenden
1466 2936 1599 2976 firmat
1635 2938 1788 2977 Fronto
1823 2936 1901 2977 Ed.
1936 2938 2054 2976 Rom.
2095 2950 2135 2987 p.
2173 2937 2261 2977 16⁶.
2295 2960 2340 2969 —

590 2996 630 3036 6.
659 2998 873 3036 temnenda·
897 2998 948 3038 V.
977 3019 1026 3028 -
1074 3000 1113 3040 7.
1156 3005 1193 3039 et
1216 3008 1257 3039 ue
1281 3005 1346 3043 ιω·
1368 3002 1421 3044 K.
1450 3025 1500 3034 —
1547 3006 1588 3046 9.
1632 3016 1712 3045 om.
1740 3007 1823 3044 ciue
1856 3004 1908 3045 V.
1937 3024 1986 3034 —-
2033 3004 2096 3044 1³.
2133 3004 2342 3055 potentatu

592 3075 621 3102 a
639 3064 823 3114 patribus
856 3069 1008 3116 coepit,
1051 3080 1101 3107 aa
1134 3070 1232 3121 quid
1264 3071 1314 3109 V.
1343 3094 1385 3103 —
1439 3073 1498 3115 14.
1542 3086 1618 3113 om.
1644 3086 1686 3113 σο
1711 3079 1804 3113 ante
1835 3073 1884 3111 ab
1909 3074 1962 3115 K.
2005 3096 2049 3106 -
2101 3074 2160 3113 16.
2203 3080 2340 3112 mtu-

590 3138 745 3173 Μαι
772 3134 822 3174 Β.
850 3153 901 3165 ·-
952 3136 1013 3177 17.
1054 3138 1095 3176 ἔοι
1128 3138 1316 3187 populum
1339 3140 1556 3181 &manum
1592 3148 1758 3183 auctore
1787 3144 1959 3183 Gruter-o
1986 3143 2040 3183 K.
2067 3162 2117 3173 -
2165 3142 2230 3181 20.
2267 3142 2344 3181 Ad

592 3198 693 3239 huc
717 3201 766 3241 V.
790 3201 849 3243 it.
876 3224 922 3235 -
958 3209 1135 3255 strepere
1168 3206 1220 3246 V.
1252 3230 1298 3239 —
1346 3209 1410 3250 21.
1451 3214 1570 3261 aequo
1595 3213 1685 3251 sine
1710 3210 1828 3249 unei·
1860 3211 1910 3250 V.
1935 3210 1988 3251 it.
2018 3232 2061 3243 -
2097 3210 2342 3262 fian-ihm&

592 3268 723 3319 ι’κφιίἐ
745 3270 795 3310 V.
823 3292 868 3301 —
917 3271 977 3313 88.
1006 3284 1087 3314 om.
1114 3272 1158 3317 h.
1184 3274 1214 3318 i.
1243 3277 1373 3329 inqiut
1394 3277 1448 3319 V.
1476 3296 1524 3309 —-
1573 3278 1638 3320 88.
1674 3281 1794 3320 ruina
1815 3283 1948 3319 vestm
1971 3279 2025 3321 V.
2055 3301 2100 3313 -
2148 3278 2212 3319 8³.
2250 3289 2334 3319 om.

593 3341 683 3391 ὄρσο
704 3342 753 3383 V.
778 3354 911 3385 tecm
933 3341 1021 3391 ipse
1043 3340 1097 3383 K.

2487 3309 2491 3337 Ι
