2525 3925
811 343 1220 397 EPISTOLAE.
1783 347 1890 397 19³

120 495 351 545 ciundo
396 505 465 543 ae
501 492 733 543 dicundo
768 493 1033 558 dignitate
1066 492 1234 556 alios,
1286 491 1426 541 alios
1463 490 1689 542 civitate
1723 504 1891 544 evor-

121 596 260 633 sum
288 584 454 632 irent.
524 583 679 646 Nam,
716 582 842 644 quid
880 593 984 646 ego
1026 582 1094 630 de
1129 583 1183 630 te
1218 570 1440 630 dicam?
1481 580 1670 643 quoius
1695 586 1890 632 contu—

125 670 376 721 meliam
421 671 662 719 homines
706 671 1062 733 ignavissumi
1104 671 1223 719 vita
1271 681 1373 718 sua
1414 674 1751 718 commutare
1785 682 1891 719 vo·

126 760 284 821 lunt,
324 760 375 808 si
408 758 591 807 liceat.
646 757 837 819 Neque
860 757 973 807 iltis
1000 760 1186 807 tantae
1208 756 1486 819 voluptati
1523 759 1609 806 est
1648 759 1891 815 (tametsi

126 847 554 909 insperantibus
592 845 822 902 accidit)
876 847 1197 910 dominatio,
1253 851 1458 907 quanto
1504 846 1741 894 maerori
1794 848 1930 898 tua5

107 936 418 999 ,dignitasz
458 936 618 997 quein
655 935 895 996 optatius
923 935 1122 984 babent
1158 945 1227 982 ex
1271 936 1364 982 tua
1401 933 1714 984 calamitate
1741 935 1894 996 peri-

134 1024 338 1073 culum
382 1023 660 1072 libertatis
706 1025 924 1086 facere,
978 1034 1133 1084 quam
1183 1034 1283 1083 per
1333 1025 1390 1071 te
1436 1021 1624 1085 populi
1658 1024 1895 1072 Romani

133 1113 433 1173 imperium
476 1123 787 1160 maxumum
835 1123 904 1160 ex
950 1120 1151 1173 magno
1199 1110 1336 1160 fieri.
1419 1106 1540 1173 Quo
1579 1113 1756 1175 magis
1794 1112 1893 1160 tibi

139 1202 327 1249 etiam
374 1201 536 1259 atque
586 1199 750 1247 etiam
798 1200 977 1248 animo
1024 1199 1460 1260 prospiciundum
1496 1200 1608 1262 est,
1659 1211 1890 1261 quonam

141 1285 320 1336 modo
364 1297 478 1335 rem
524 1286 774 1336 stabilias
808 1288 1257 1348 eommuniasque.
1329 1269 1465 1335 Mihi
1503 1288 1713 1348 quidem
1752 1289 1970 1349 quaem

142 1387 307 1425 mens
343 1375 597 1436 suppetit,
641 1373 829 1436 eloqui
864 1386 973 1425 nou
1005 1375 1271 1424 dubitabo.
1345 1374 1602 1424 Ceterum
1640 1377 1752 1425 tuei
1786 1376 1893 1424 erit

140 1462 360 1526 ingenii
396 1464 659 1528 probare,
702 1473 840 1525 quae
877 1475 1011 1514 vera
1046 1465 1211 1526 atque
1246 1464 1406 1513 utilia
1441 1464 1586 1512 factu
1632 1466 1804 1525 putes.

257 1552 321 1599 lu
361 1549 494 1598 duas
530 1553 703 1612 partis
741 1563 843 1614 ego
880 1553 1159 1602 civitatem
1188 1551 1425 1601 divisam
1456 1554 1714 1617 arbitror,
1748 1554 1894 1601 sicut

144 1654 185 1690 a
209 1640 506 1689 maioribus
539 1642 749 1705 accepi,
782 1641 837 1688 in
874 1644 1060 1702 patres
1092 1643 1148 1688 et
1182 1639 1417 1701 plebem.
1489 1640 1668 1689 Antea
1700 1643 1754 1689 in
1793 1653 1894 1701 pa-

146 1729 325 1778 tribus
378 1739 586 1777 summa
632 1730 934 1777 auctoritas
982 1731 1129 1788 erat,
1184 1729 1274 1776 vis
1323 1727 1494 1777 multo
1539 1739 1789 1776 maxuma
1831 1728 1966 1779 in15

149 1817 329 1879 plebe.
414 1817 609 1877 ltaque
654 1818 872 1878 saepius
907 1819 964 1864 in
1003 1817 1231 1865 civitate
1271 1816 1516 1864 secessio
1552 1816 1694 1877 fuit3
1747 1825 1892 1863 sem·

148 1916 360 1969 perque
416 1903 715 1953 nobilitatis
764 1917 895 1966 opes
944 1905 1247 1953 deminutae
1293 1907 1421 1952 sunt
1467 1905 1522 1952 et
1575 1906 1660 1951 ius
1707 1902 1894 1965 populi

153 1992 554 2055 amplificatum.
625 1992 733 2042 Sed
768 1993 958 2055 plebes
995 2004 1061 2043 eo
1096 1991 1274 2042 libere
1305 1994 1569 2058 agitabat,
1607 1994 1736 2054 quia
1767 1992 1893 2041 nul-

150 2084 262 2132 lius
300 2084 541 2144 potentia
590 2093 756 2144 super
801 2081 955 2146 leges
1003 2084 1153 2144 erat3
1204 2093 1385 2144 neque
1421 2066 1628 2131 divitiis
1668 2085 1763 2130 aut
1795 2094 1892 2130 su-

151 2170 366 2233 perbia,
413 2170 509 2219 sed
543 2170 684 2220 bona
724 2172 872 2220 fama
905 2170 1176 2232 factisque
1212 2171 1444 2220 fortibus
1477 2171 1678 2221 nobilis
1725 2170 1968 2235 igno-20

153 2258 316 2309 bilem
351 2260 620 2309 anteibat:
657 2259 1006 2308 humillumus
1030 2260 1259 2321 quisque
1297 2260 1356 2307 in
1392 2260 1544 2309 arvis
1577 2262 1754 2309 autin
1785 2261 1890 2308 mi-

155 2348 282 2397 litia
313 2345 514 2395 nullius
551 2347 811 2397 honestae
846 2349 928 2396 rei
967 2358 1136 2409 egens
1182 2348 1320 2395 satis
1363 2348 1465 2397 sibi
1508 2349 1752 2410 satisque
1791 2359 1891 2408 pa-

163 2436 303 2484 triae
334 2436 469 2481 erat.
540 2434 646 2481 Sed
684 2434 776 2481 ubi
822 2447 920 2483 eos
955 2432 1237 2494 paullatim
1264 2434 1520 2495 expulsos
1555 2436 1708 2499 agris
1741 2438 1892 2483 iuer·—

161 2526 242 2572 tia
274 2524 433 2582 atque
466 2521 651 2583 inopia
681 2515 921 2571 incertas
950 2523 1137 2570 domos
1171 2523 1369 2571 babere
1393 2523 1625 2585 subegit,
1661 2533 1893 2583 coepere

160 2612 366 2662 alienas
415 2622 545 2670 opes
596 2612 806 2671 petere,
859 2609 1172 2660 libertatem
1207 2620 1361 2659 suam
1408 2622 1531 2661 cum
1574 2622 1636 2658 re
1674 2608 1966 2671 publica25

162 2697 402 2749 venalem
449 2698 663 2747 babere.
737 2700 822 2747 lta
865 2698 1146 2759 paullatim
1193 2699 1457 2761 populuS,
1507 2698 1602 2760 qui
1647 2697 1894 2747 dominus

163 2792 294 2850 erat,
328 2788 537 2836 cunctis
571 2786 825 2850 gentibus
861 2787 1220 2851 imperitabat,
1260 2786 1506 2850 dilapsus
1541 2789 1656 2851 est,
1701 2789 1758 2835 et
1789 2797 1893 2846 pro

260 3001 285 3038 3
322 3000 447 3038 volunt
471 3002 510 3038 u·
533 3000 667 3038 lie-eat.
708 2998 872 3051 Neque]
895 3001 945 3041 V.
975 3001 1109 3039 nolunt
1131 3002 1169 3039 u·
1192 3000 1313 3039 liceat
1336 3011 1460 3048 neque
1471 2998 1602 3039 vitio.
1632 3000 1790 3043 tertius,
1821 3013 1890 3040 vo·

168 3067 277 3108 lunt?
300 3068 446 3106 scilicet
471 3079 597 3118 neque
619 3068 771 3108 Veneta
796 3070 891 3108 tuni
916 3069 1013 3108 Mn.
1031 3070 1078 3108 G.
1094 3090 1141 3099 —
1168 3068 1208 3107 6.
1239 3068 1378 3118 quein]
1406 3068 1454 3110 V.
1484 3066 1710 3118 (superscr.
1739 3070 1890 3120 quite.)

171 3139 260 3188 quin
282 3136 327 3176 G.
364 3156 413 3166 —-
462 3137 522 3176 11.
564 3136 673 3187 mi]
698 3137 749 3178 V.
789 3140 848 3176 eun·
884 3139 933 3177 G.
972 3160 1019 3169 -
1077 3138 1139 3176 21.
1179 3136 1318 3187 mit]
1343 3137 1497 3175 noun.
1539 3138 1663 3175 armse
1683 3138 1736 3175 V.
1783 3140 1890 3186 ayn-is

171 3208 325 3256 Popmt.
352 3205 400 3243 G.
440 3225 488 3235 -
549 3211 618 3243 aut
650 3208 695 3243 in
727 3205 904 3256 militia]
930 3207 978 3244 Vt
1014 3211 1084 3243 aue
1117 3205 1266 3243 militia
1292 3206 1343 3245 G.
1385 3224 1434 3234 ·-
1491 3204 1553 3244 28.
1583 3206 1762 3244 dominus
1787 3210 1891 3251 aue,

172 3272 337 3322 eunctis]
362 3272 405 3311 V.
447 3273 624 3311 doninus
647 3274 799 3311 cuaeth
824 3274 939 3312 Libri
965 3273 1086 3314 Fabri
1112 3279 1153 3312 et
1176 3272 1402 3314 Brieoneti.
1427 3274 1477 3314 G.
1520 3273 1699 3312 dono'moe
1733 3278 1820 3311 erat
1852 3277 1891 3309 ee

160 3342 311 3380 'cunctis
335 3339 474 3390 Volgo.

1564 3453 1631 3502 13
