2525 3925
513 350 626 402 308
1059 344 1418 398 ΕΡῙΤΟΜΑΕ
1452 348 1512 398 Τ.
1548 347 1730 399 mvn

517 497 892 551 crudelitatem
927 500 982 547 et
1013 500 1304 548 avaritiam
1328 498 1381 545 in
1412 498 1687 558 praetorio
1724 508 1822 547 suo
1849 496 2011 543 vivus
2038 496 2270 543 exustus

514 595 614 639 est.
670 590 731 638 L.
766 587 1046 648 Philippus
1082 586 1299 649 legatus
1326 584 1515 634 Sullae
1550 583 1872 648 Sardiniam,
1913 578 1978 645 Q.
2020 583 2269 632 Antonio

517 680 762 739 praetore
796 674 956 736 pulso
995 678 1051 723 et
1089 676 1291 734 occiso,
1332 676 1637 734 occupavit.
1711 670 1868 720 Sulla
1899 683 2019 720 cum
2052 668 2270 720 Italicis

515 764 755 828 populis,
810 774 878 812 ne
916 766 1198 812 timeretur
1233 764 1300 812 ab
1344 763 1413 811 iis
1448 761 1603 810 velut
1652 766 1939 822 erepturus
1978 763 2267 810 civitatem

472 858 575 905 bet
603 852 848 915 suffragii
881 854 966 900 ius
1000 862 1172 912 nuper
1201 850 1399 914 datum,
1436 850 1627 899 foedus
1662 851 1949 910 percussit.
1998 848 2269 912 Idemque

513 954 582 991 ex
626 941 824 991 fiducia
872 941 978 989 iam
1029 944 1214 989 certae
1262 940 1531 987 victoriae
1584 937 1922 1002 litigatores,
1983 950 2017 987 a
2068 940 2268 1000 quibus

514 1030 780 1094 adibatur,
817 1030 1128 1078 vadimonia
1151 1030 1381 1077 Romam
1422 1023 1637 1077 differre
1660 1028 1837 1087 iussit,
1874 1039 1995 1075 cum
2034 1038 2068 1075 a
2104 1032 2268 1090 parte

515 1120 735 1168 diversa
777 1118 902 1165 urbs
940 1116 1112 1165 adhuc
1166 1119 1462 1166 teneretur.
1534 1116 1594 1165 L.
1633 1114 2000 1177 Damasippus
2036 1118 2268 1177 praetor

513 1218 583 1255 ex
623 1205 908 1255 voluntate
945 1202 1002 1253 Ο.
1039 1206 1201 1255 Marii
1255 1203 1497 1254 consults
1553 1216 1672 1252 cum
1722 1210 1976 1254 senatum
2032 1207 2266 1254 eontra-

441 1295 719 1357 1oxisset,
773 1304 986 1342 omnem
1023 1305 1158 1353 quae
1210 1294 1266 1340 in
1314 1295 1447 1342 urbe
1483 1297 1602 1341 erat
1637 1291 1973 1341 nobilitatem
2014 1294 2267 1341 trucida-

516 1382 597 1430 vit
612 1395 632 1444 3
693 1394 761 1429 ex
813 1382 966 1430 cuius
1018 1392 1241 1430 numero
1296 1376 1361 1443 Q.
1414 1382 1626 1429 Mucius
1685 1379 1962 1429 Scaevola
2015 1380 2267 1442 pontifex

515 1470 775 1517 maximus
811 1469 1028 1531 fugiens
1073 1470 1129 1515 in
1170 1468 1440 1517 vestibulo
1476 1468 1627 1517 aedis
1662 1468 1868 1517 Vestae
1902 1467 2123 1516 occisus
2162 1472 2265 1517 est.

515 1555 812 1606 Praeterea
848 1556 1053 1605 bellum
1091 1568 1124 1604 a
1159 1556 1221 1603 L.
1248 1558 1478 1605 Murena
1513 1554 1776 1605 adversus
1801 1556 2170 1606 Mithridatem
2208 1557 2265 1604 in

517 1644 650 1696 Asia
685 1646 1006 1697 renovatum
1043 1643 1301 1694 continet.

437 1812 503 1861 15
1087 1809 1323 1858 Liber
1372 1807 1690 1859 Lxxxvn.

617 1916 774 1967 Sulla
813 1910 870 1966 C.
909 1916 1164 1979 Marium,
1222 1918 1467 1966 exercitu
1514 1918 1629 1966 eius
1682 1916 1806 1967 fuso
1854 1914 2151 1980 deletoque
2195 1918 2265 1970 ad

513 2007 907 2072 Sacriportum,
956 2007 1010 2052 in
1047 2007 1245 2067 oppido
1282 2006 1579 2056 Praeneste
1615 2007 1840 2056 obsedit.
1912 2008 2111 2056 Urbem
2150 2008 2265 2058 Ro-

513 2107 651 2143 mam
704 2105 771 2142 ex
816 2093 1153 2141 inimicorum
1201 2095 1447 2142 manibus
1499 2096 1720 2156 recepit.
1790 2095 2023 2142 Marium
2074 2106 2261 2144 erum-

513 2191 644 2242 pere
695 2182 988 2228 tentantem
1023 2180 1281 2242 reppulit.
1352 2181 1642 2230 Praeterea
1678 2194 1765 2231 res
1803 2195 1837 2230 a
1882 2181 2085 2245 legatis
2126 2185 2267 2248 eius,

436 2271 502 2319 20
519 2267 704 2318 eadem
747 2267 939 2329 ubique
974 2266 1192 2317 fortuna
1229 2271 1493 2336 partium,
1541 2276 1730 2334 gestas
1767 2273 2027 2320 continet.

1078 2440 1160 2488 Li
1183 2439 1213 2490 b
1233 2452 1264 2489 e
1284 2451 1313 2489 ι·
1360 2437 1704 2491 Lxxxvm.

623 2546 780 2596 Sulla
818 2543 1150 2614 Carbonem,
1186 2548 1431 2596 exercitu
1468 2550 1585 2596 eius
1620 2549 1743 2598 fuso
1776 2550 1844 2597 ad
1886 2544 2159 2614 Clusium,
2196 2549 2347 2602 adon

513 2635 832 2685 Faventiam
887 2635 1300 2697 Fidentiamque
1355 2647 1545 2700 caeso,
1606 2635 1768 2684 ltalia
1819 2636 2029 2698 expulit
2044 2651 2064 2699 3
2142 2650 2269 2688 cum

509 2723 873 2788 Samnitibus,
929 2724 1020 2783 qui
1057 2721 1165 2772 soli
1205 2735 1275 2772 ex
1314 2722 1524 2773 Italicis
1572 2721 1785 2786 populis
1836 2725 2072 2774 nondum
2106 2737 2269 2778 arma

433 2813 498 2864 25
515 2811 828 2876 posuerant,
867 2810 1018 2858 iuxta
1055 2810 1239 2860 urbem
1264 2812 1559 2858 Romanam
1595 2815 1723 2860 ante
1753 2815 1964 2872 portam
1988 2809 2265 2864 Collinam

511 2896 809 2946 debellavit
826 2912 844 2960 3
915 2901 1350 2959 recuperataque
1407 2909 1468 2946 re
1526 2899 1775 2962 publica,
1838 2898 2265 2959 pulcherrimam

511 2985 799 3033 victoriam
848 2983 1201 3051 crudelitate,
1253 2987 1455 3046 quanta
1500 2987 1559 3034 in
1610 2985 1763 3034 nullo
1814 2985 2084 3036 hominum
2132 2987 2261 3056 mit,

509 3071 832 3132 inquinavit.
903 3071 1041 3122 Octo
1078 3072 1230 3122 milia
1265 3073 1564 3122 deditorum
1606 3073 1663 3122 in
1701 3072 1841 3122 villa
1874 3073 2097 3134 publica
2134 3079 2265 3126 tru-

449 3145 468 3158 ⁸
509 3159 754 3221 cidavit3
815 3159 1052 3210 tabulam
1100 3159 1516 3224 proscriptionis
1562 3161 1880 3225 proposuit3
1938 3163 2135 3214 urbem
2185 3175 2259 3214 ac

605 3343 670 3386 19.
699 3344 909 3396 proposuit
943 3347 1108 3383 auctore
1141 3343 1473 3386 nahe-benuo
1498 3345 1737 3386 Bokkoruaz
1776 3345 1874 3387 libri
1902 3347 2049 3395 μονὴ.
