2525 3925
576 331 685 385 143
1118 324 1176 381 C.
1212 328 1512 383 SALUS'H
1546 325 1776 385 clusa

577 480 668 529 tur
700 489 762 529 se
798 478 1024 541 quisque
1054 476 1330 541 expedire,
1369 489 1522 527 arma
1553 478 1718 541 atque
1755 475 1866 527 tela
1901 478 2196 541 temptare,
2241 480 2344 529 in-

578 565 829 631 tendere,
868 568 1029 616 timor
1049 565 1392 635 aliquantus,
1425 568 1522 617 sed
1545 578 1672 629 spes
1704 564 1968 629 amplior,
2003 566 2208 629 quippe
2242 569 2347 617 vi·—

578 654 833 719 ctoribus‚
869 657 925 704 et
950 655 1239 703 advorsum
1266 666 1382 722 eos,
1419 665 1556 717 quos
1579 665 1746 715 saepe
1769 654 2039 705 vicerant.
2087 655 2338 705 Interim

576 742 791 804 equites
854 741 1193 805 exploratum
1252 742 1541 805 praemissi
1591 753 1710 791 rem
1766 742 1845 791 uti
1901 743 2023 793 erat
2077 743 2334 803 quietam

532 832 841 885 5nuntiant.

681 916 807 966 106.
888 918 1071 967 Volux
1125 918 1424 968 adveniens
1473 916 1816 979 quaestorem
1866 915 2110 979 adpellat
2153 917 2334 969 dicit-

574 1017 678 1067 que
712 1017 774 1055 se
808 1018 843 1055 a
879 1007 1035 1068 patre
1071 1007 1283 1055 Boccho
1321 1006 1538 1057 obviam
1571 1003 1688 1054 illis
1721 1004 1885 1053 simul
1933 1008 1994 1055 et
2039 1005 2332 1067 praesidio

568 1095 807 1143 missum.
890 1093 1101 1143 Deinde
1152 1104 1277 1143 eum
1328 1095 1384 1143 et
1434 1102 1758 1155 proxumum
1803 1089 1946 1140 diem
1993 1092 2116 1141 sine
2167 1095 2332 1141 metu

571 1181 849 1231 coniuncti
885 1182 1028 1230 eunt.
1106 1181 1239 1230 Post
1284 1181 1375 1230 ubi
1415 1182 1600 1230 castra
1641 1178 1828 1231 locata
1864 1180 1922 1229 et
1957 1179 2070 1231 diei
2113 1190 2330 1241 vesper

494 1272 561 1326 10
574 1271 720 1334 erat,
770 1272 995 1331 repente
1030 1271 1255 1320 Maurus
1291 1268 1502 1319 incerto
1539 1266 1714 1333 voltu,
1747 1278 1958 1331 pavens
1997 1267 2068 1317 ad
2101 1266 2326 1317 Sullam

570 1356 811 1407 adcurrit
836 1357 1071 1419 dicitque
1098 1357 1205 1407 sibi
1230 1368 1299 1405 ex
1321 1356 1758 1419 speculatoribus
1780 1356 2074 1419 cognitum,
2111 1356 2326 1420 Iugur-

569 1444 715 1493 tham
760 1446 900 1494 baud
949 1444 1144 1507 procul
1194 1445 1420 1508 abesse;
1469 1442 1662 1510 simul,
1708 1444 1789 1493 uti
1835 1445 2004 1493 noctu
2039 1442 2186 1493 clam
2227 1454 2326 1493 se-

569 1541 689 1579 cum
711 1532 1044 1598 profugeret,
1075 1534 1239 1594 rogat
1262 1533 1428 1595 atque
1463 1532 1728 1582 hortatur.
1789 1530 1895 1579 Ille
1923 1532 2106 1583 animo
2133 1532 2324 1583 feroci

565 1623 731 1683 negat
768 1632 831 1671 se
870 1620 1069 1669 totiens
1102 1619 1283 1669 fusum
1317 1619 1604 1669 Numidam
1644 1619 2062 1683 pertimescet-03
2121 1620 2324 1671 virtuti

490 1709 554 1763 15
569 1716 790 1756 suorum
850 1708 987 1755 satis
1058 1705 1320 1769 credere3
1385 1709 1600 1758 etiamsi
1651 1709 1808 1755 certa
1854 1707 2026 1768 pestis
2072 1704 2322 1769 adesset,

562 1804 870 1843 mansurum
924 1794 1104 1855 potius
1152 1806 1314 1856 quam
1359 1794 1620 1860 proditis,
1672 1805 1808 1856 quos
1853 1794 2116 1860 ducebat,
2167 1796 2324 1857 turpi

562 1879 696 1943 fuga
728 1882 971 1931 incertae
1007 1893 1074 1931 ac
1107 1881 1344 1931 forsitan
1377 1884 1500 1945 post
1527 1881 1716 1944 paullo
1753 1882 1947 1931 morbo
1983 1881 2318 1955 interiturae

562 1969 712 2017 vitae
748 1972 1017 2031 parceret.
1089 1965 1348 2020 Ceterum
1381 1971 1449 2021 ab
1483 1970 1672 2020 eodem
1712 1970 1976 2032 monitus,
2030 1970 2112 2020 uti
2146 1974 2322 2022 noctu

563 2056 1068 2121 proficiscerentur,
1117 2058 1404 2106 consilium
1437 2057 1725 2121 adprobat,
1773 2069 1844 2108 ac
1881 2059 2068 2108 statim
2103 2059 2320 2112 milites

485 2145 553 2196 20
568 2145 825 2191 caenatos
862 2156 1009 2209 esse,
1054 2145 1114 2194 in
1150 2146 1347 2195 castris
1382 2145 1527 2208 ignis
1562 2157 1719 2206 quam
1754 2146 2136 2198 creberrumos
2169 2146 2318 2214 fieri,

561 2227 685 2277 dein
734 2231 906 2290 prima
950 2231 1144 2296 vigilia
1190 2231 1412 2282 silentio
1459 2233 1646 2294 egredi
1696 2233 1862 2283 iubet.
1932 2236 2154 2298 Iamque
2207 2247 2320 2286 no-

561 2319 755 2364 cturno
793 2319 993 2368 itinere
1017 2318 1180 2368 fessis
1207 2320 1453 2370 omnibus
1479 2318 1638 2370 Sulla
1669 2322 1880 2382 pariter
1905 2333 2026 2370 cum
2063 2321 2190 2372 ortu
2217 2335 2318 2374 so-

559 2403 631 2452 lis
668 2408 851 2454 castra
882 2407 1222 2470 metabatur,
1262 2417 1426 2468 quom
1458 2409 1670 2468 equites
1705 2409 1888 2457 Mauri
1921 2409 2178 2468 nuntiant
2215 2411 2318 2460 Iu-

558 2493 809 2554 gurtham
861 2495 1083 2544 circiter
1136 2495 1297 2542 duum
1346 2493 1552 2544 milium
1601 2493 1898 2544 intervallo
1939 2499 2070 2544 ante
2107 2507 2316 2548 conse-

482 2578 723 2652 2551isse.
812 2577 968 2644 Quod
1009 2583 1296 2644 postquam
1331 2582 1571 2630 auditum
1606 2585 1726 2648 est,
1770 2583 1881 2630 tum
1928 2593 2067 2632 vero
2111 2584 2318 2648 ingens

554 2673 731 2717 metus
767 2674 987 2719 nostros
1022 2667 1266 2731 invadit3
1306 2669 1532 2719 credere
1569 2682 1632 2720 se
1663 2669 1907 2732 proditos
1931 2680 1968 2718 a
1994 2670 2216 2720 Voluce
2256 2675 2316 2722 et

554 2754 765 2806 insidiis
820 2757 1235 2806 circumventos.
1324 2758 1408 2806 Ac
1458 2757 1643 2821 fuere,
1696 2757 1787 2818 qui
1842 2757 2085 2806 dicerent
2139 2770 2314 2808 manu

553 2841 939 2892 vindicandum
978 2853 1154 2904 neque
1202 2842 1346 2905 apud
1393 2843 1553 2892 illum
1603 2845 1814 2894 tantum
1848 2843 2031 2894 scelus
2068 2845 2318 2896 inultum

554 2925 978 2990 relinquendum.

650 3155 687 3194 7.
713 3155 774 3196 illa·
800 3157 853 3198 V.
880 3178 927 3186 --
952 3157 979 3207 (
1002 3159 1042 3198 9.
1068 3159 1133 3197 die
1160 3159 1374 3209 certius.)
1400 3178 1449 3189 -
1476 3160 1538 3198 11.
1569 3157 1640 3208 σε]
1667 3170 1692 3197 a
1718 3160 1768 3200 V.
1793 3179 1842 3188 —
1866 3160 1931 3200 20.
1960 3171 2046 3199 eeu
2069 3163 2112 3199 in
2135 3166 2322 3210 caen-ie,

550 3224 733 3274 ignesque
757 3225 805 3264 V.
831 3245 879 3253 —
913 3225 979 3265 81.
1008 3225 1151 3264 deinde
1174 3227 1227 3264 V.
1253 3247 1300 3258 —
1335 3227 1400 3266 24.
1429 3232 1522 3265 ante
1548 3239 1612 3268 eos
1636 3227 1688 3268 V.
1717 3225 1902 3268 seclusit.
1927 3240 1990 3268 σοι
2018 3228 2069 3270 G.
2099 3232 2322 3272 ominum

548 3291 600 3336 in
617 3290 719 3332 Cod.
750 3291 884 3334 Turio.
913 3291 1086 3343 aliisque
1110 3295 1270 3346 paucis.
1313 3293 1478 3336 nelovit
1501 3293 1554 3336 Κ.
