2525 3925
556 318 631 368 IN
670 319 729 367 [ι.
765 317 1087 370 SERGwM
1124 315 1536 368 CATlmNAM.
1815 315 1926 365 207

189 487 284 535 ter
316 483 740 534 labefactantem
778 487 974 533 statum
1011 485 1093 533 rei
1134 482 1386 545 publicae
1421 485 1667 545 privatus
1702 483 1930 532 interfe-

191 576 305 622 cit:
355 571 647 623 Catilinam
685 575 866 623 orbem
906 576 1087 622 terrae
1128 574 1295 620 caede
1331 575 1493 633 atque
1529 572 1792 620 incendiis
1831 583 1931 620 va-

191 669 345 712 stare
383 663 719 727 cupientem,
769 674 869 710 nos
908 659 1159 710 consules
1208 651 1590 722 perferemus?
1660 661 1795 710 Nam
1835 658 1936 708 iila

190 751 355 799 nimis
405 752 628 812 antiqua
671 754 992 812 praetereo,
1045 748 1183 810 quod
1228 747 1286 797 C.
1321 748 1590 797 Servilius
1627 747 1803 796 Ahala
1839 747 1933 808 Sp.

192 837 456 888 Maelium
484 840 643 887 novis
676 839 838 887 rebus
869 839 1179 887 studentem
1206 849 1366 885 manu
1392 848 1493 885 sua
1519 835 1735 884 occidit.
1790 836 1936 898 Fuit,

196 928 306 974 fuit
342 927 450 975 ista
486 925 749 988 quondam
784 927 839 973 in
878 927 978 975 hac
1016 939 1077 975 re
1109 925 1330 988 publica
1356 925 1548 987 virtuS‚
1585 926 1642 973 ut
1676 926 1782 972 viri
1819 925 1937 972 for-

198 1020 284 1064 tes
321 1016 627 1065 acrioribus
663 1013 945 1076 suppliciis
981 1016 1156 1063 civem
1191 1015 1553 1074 perniciosum
1593 1025 1751 1075 quam
1777 1024 1937 1061 acer-

198 1104 476 1152 bissimum
511 1102 719 1150 hostem
757 1103 1090 1152 coercerent.
1161 1103 1437 1151 Habemus
1463 1104 1684 1150 senatus
1713 1099 1937 1149 consul-

199 1194 316 1238 tum
352 1191 409 1238 in
447 1195 530 1253 te,
570 1188 837 1255 Catilina,
873 1191 1159 1239 vehemens
1193 1193 1250 1238 et
1284 1203 1487 1254 grave,
1528 1201 1630 1238 non
1668 1188 1821 1237 deest
1855 1190 1937 1237 rei

198 1275 454 1339 publicae
494 1278 778 1327 consilium
816 1289 989 1339 neque
1025 1279 1327 1326 auctoritas
1361 1279 1515 1326 huius
1547 1278 1784 1327 ordinis:
1819 1289 1938 1341 nos,

198 1378 321 1429 ηοε,
361 1364 483 1415 dico
519 1371 727 1429 aperte,
763 1367 1014 1415 consules
1051 1367 1316 1415 desumus.

308 1456 376 1504 11.
446 1455 711 1504 Decrevit
747 1455 1019 1516 quondam
1050 1459 1292 1518 senatuS,
1328 1455 1384 1502 ut
1422 1455 1482 1502 L.
1521 1450 1762 1513 Opimius
1801 1456 1978 1502 cun-4

202 1541 292 1592 sul
336 1542 578 1606 videret,
630 1555 698 1591 ne
749 1543 871 1604 quid
921 1555 1009 1591 res
1057 1543 1274 1604 publica
1323 1542 1634 1590 detrimenti
1683 1544 1936 1602 caperet:

198 1644 308 1681 nox
343 1630 495 1681 nulla
531 1632 882 1694 intercessit;
938 1633 1263 1679 interfectus
1299 1634 1382 1678 est
1418 1634 1640 1691 propter
1685 1629 1940 1689 quasdam

199 1719 524 1769 seditionum
578 1719 921 1781 suspiciones
976 1717 1036 1766 C.
1094 1718 1377 1767 Gracchus
1433 1717 1736 1767 clarissimo
1784 1718 1942 1777 patre

199 1820 309 1857 avo
340 1808 638 1858 maioribus
656 1821 674 1870 3
712 1809 927 1856 occisus
964 1808 1049 1856 est
1086 1818 1205 1854 cum
1240 1804 1431 1855 liberis
1456 1806 1530 1854 M.
1553 1803 1782 1854 Fulvius
1807 1815 1943 1853 con-

202 2057 363 2095 turbam
387 2057 514 2095 irruit.
569 2053 777 2094 Gracchus
804 2054 963 2103 fugiens
988 2060 1029 2093 et
1055 2054 1251 2103 fragmine
1276 2054 1462 2093 subsellii
1487 2056 1594 2093 ictus
1620 2055 1672 2093 ad
1695 2056 1809 2104 ipsas
1834 2054 1945 2093 rores

202 2125 346 2177 templi
370 2128 495 2165 vitam
520 2124 733 2163 immatura
761 2129 889 2163 morte
914 2124 1050 2163 finivit
1076 2135 1110 2162 a.
1126 2136 1163 2162 u.
1182 2135 1215 2161 c.
1241 2122 1331 2164 621.
1370 2123 1554 2163 Velleius
1579 2124 1619 2171 2,
1646 2124 1683 2162 8.
1712 2123 1797 2161 Cic.
1817 2122 1940 2161 Tusc.

200 2195 255 2240 4,
282 2194 346 2231 28.
386 2194 631 2232 Srauunz.
660 2215 704 2223 —
737 2192 941 2244 privatus]
977 2193 1245 2231 Pontificatus
1289 2196 1394 2232 enim
1432 2196 1691 2243 magistratus
1728 2205 1808 2231 non
1844 2199 1944 2239 erat,

202 2263 355 2314 quippe
380 2262 449 2312 qui
482 2266 700 2311 perpetuus
727 2266 837 2299 esset
862 2274 897 2300 s.
926 2260 977 2300 ad
1012 2262 1121 2299 vitae
1157 2267 1316 2311 tempus
1345 2263 1528 2310 daretur,
1567 2273 1656 2300 cum
1684 2262 1945 2311 magistratus

204 2331 330 2367 annui
356 2334 505 2368 essent.
561 2330 678 2367 loen.
713 2350 757 2356 -
795 2328 868 2379 Sp.
897 2328 1118 2378 Maelium]
1160 2328 1273 2366 Livii
1299 2330 1485 2377 Epitome
1514 2329 1601 2368 Lib.
1626 2330 1664 2368 4.
1718 2328 1816 2367 cam
1837 2326 1947 2376 fame

199 2395 371 2446 popualus
397 2396 471 2436 Ro.
499 2395 711 2442 laboras-ee,
737 2394 808 2445 Sp.
827 2396 1022 2443 Maelius,
1050 2408 1165 2446 eques
1190 2396 1411 2442 Romana,
1443 2395 1684 2445 frumentum
1704 2397 1848 2447 popedo
1873 2409 1948 2435 sua

205 2466 385 2513 imperim
410 2462 576 2514 lan-qim
602 2468 681 2509 est,-
720 2468 757 2501 et
782 2463 829 2501 ob
854 2463 899 2501 id
928 2460 1084 2513 factum
1109 2463 1328 2501 conciliata
1365 2463 1443 2502 sibi
1472 2463 1610 2514 plebe,
1647 2476 1809 2513 reynum
1847 2465 1948 2514 affe-

204 2537 345 2578 ceam,
372 2544 399 2570 a
426 2530 474 2569 Ο.
502 2530 674 2570 Servilio
698 2530 850 2577 Ahala,
883 2532 1070 2579 magistro
1098 2533 1284 2582 equitum,
1312 2533 1420 2570 iussu
1449 2531 1604 2580 Quineii
1631 2532 1858 2571 cincinnati
1884 2532 1948 2571 da·-

205 2601 375 2639 ceatorn’e
398 2600 551 2638 accim
576 2604 634 2637 ese
656 2610 681 2638 a
724 2612 763 2639 u.
793 2611 830 2639 c.
858 2599 947 2638 315.

311 2687 354 2738 ς.
380 2688 420 2727 4.
460 2686 511 2725 L.
538 2686 738 2737 Opimius,
766 2687 835 2737 qui
862 2692 1023 2737 praetor
1048 2686 1254 2737 Fregellas
1283 2687 1501 2736 exciderat,
1528 2687 1573 2728 C.
1605 2687 1830 2727 Gracchum
1855 2701 1951 2738 per-

208 2762 375 2797 secutus
398 2758 523 2795 armis
548 2766 706 2805 unaque
730 2756 789 2794 M.
820 2755 1012 2795 Fulvium
1037 2755 1228 2794 maecum
1240 2783 1257 2804 ,
1298 2756 1551 2795 consularem
1586 2768 1634 2795 ac
1669 2757 1950 2807 triumphalem

208 2828 367 2874 virum,
400 2836 519 2874 quem
547 2823 593 2864 C.
624 2823 831 2863 Gracchus
856 2826 900 2863 in
928 2823 1064 2863 locum
1091 2824 1179 2863 Tib.
1207 2825 1346 2863 fratris
1373 2826 1630 2864 triumvirum
1657 2826 1948 2876 nominaverat,

207 2900 338 2933 morte
363 2894 511 2935 affecit.
565 2891 740 2931 Flaccus
776 2892 819 2930 iu
845 2892 1055 2931 Aventino
1096 2898 1272 2931 armatos
1307 2893 1358 2931 ad
1383 2906 1554 2943 pugnam
1591 2893 1702 2931 ciens
1738 2905 1827 2933 cum
1863 2895 1947 2935 min

208 2964 361 3002 maiore
397 2962 601 3011 iugulatus
638 2967 731 3008 est3
767 2960 978 3001 Gracchus
1011 2961 1277 3011 profugiens,
1318 2974 1407 3000 cum
1432 2962 1511 3001 iam
1549 2962 1947 3013 comprehenderetur

205 3034 255 3071 ab
281 3032 351 3079 iis,
380 3043 483 3079 quos
510 3031 695 3082 Opimius
721 3032 917 3078 miserat,
961 3032 1163 3070 cervicem
1189 3032 1355 3081 Euporo
1382 3042 1503 3070 servo
1530 3033 1727 3082 praebuit.
1781 3032 1947 3079 Quinto.

204 3101 326 3141 alteri
337 3098 477 3138 Fulvii
489 3098 627 3138 Flacci
651 3098 756 3148 filio,
783 3101 853 3149 qui
880 3100 945 3138 bis
971 3099 1022 3137 ad
1050 3104 1234 3139 senatum
1260 3100 1311 3138 de
1339 3100 1649 3140 condicionibus
1674 3101 1826 3140 missus
1851 3107 1951 3148 erat,

205 3169 451 3220 permissum
487 3172 551 3206 est
585 3179 712 3217 genus
749 3171 891 3208 mortis
927 3169 1077 3219 eligere
1111 3180 1148 3208 a.
1178 3182 1218 3208 u.
1249 3181 1285 3207 ο.
1309 3169 1398 3208 633.
1451 3169 1632 3210 Velleius
1657 3172 1696 3218 2,
1721 3170 1748 3209 6
1772 3177 1813 3209 et
1835 3171 1875 3211 7.
1905 3192 1951 3200 --

203 3235 344 3287 patre]
372 3236 437 3276 Τί.
467 3236 707 3287 Sempronio
734 3237 943 3285 Graccho,
980 3240 1044 3277 bis
1071 3237 1239 3276 consule
1266 3238 1354 3287 (aa.
1382 3238 1458 3278 577
1482 3245 1523 3278 et
1546 3239 1666 3289 5⁹¹.)
1704 3246 1745 3277 et
1769 3250 1952 3284 censore,

207 3308 277 3356 qui
303 3305 353 3344 de
379 3304 595 3344 Celtiberis
620 3305 899 3357 triumphavit.
928 3326 977 3337 —
1012 3304 1110 3359 avo]
1144 3306 1191 3345 Ρ.
1220 3306 1414 3358 Scipione
1439 3308 1636 3349 Africano
1662 3308 1828 3348 maiore.
