2525 3925
519 288 626 339 208
1063 283 1429 339 EPITOMAE
1465 283 1526 340 ri'.
1560 285 1741 340 mvn

521 444 646 485 cum
687 445 784 485 sex
820 433 1050 499 tribunis
1085 433 1258 496 piebis
1275 447 1295 497 3
1347 435 1683 497 imperioque
1716 435 1770 485 ei
1802 434 2107 499 abrogato,
2136 446 2268 487 cor-

521 527 736 584 ruptum
771 525 877 586 Ap.
913 521 1126 573 Claudii
1172 525 1469 574 exercitum
1507 525 1564 573 in
1602 527 1924 585 potestatem
1968 536 2131 575 suam
2172 536 2268 575 re-

521 611 672 674 degit
693 615 750 661 et
785 611 982 662 bellum
1009 613 1126 661 urbi
1149 612 1365 676 intulit,
1400 614 1667 663 arcessito
1692 609 1750 661 C.
1770 614 1950 664 Mario
1976 624 2046 662 ex
2066 614 2265 663 Africa

524 712 644 750 cum
680 699 806 750 aliis
841 700 1155 762 exsulibus3
1191 701 1244 749 in
1286 712 1394 762 quo
1434 699 1580 751 bello
1616 700 1725 751 duo
1756 701 1979 767 fratres,
2012 700 2161 750 alter
2196 712 2265 750 ex

477 784 758 849 5Pompeii
794 790 1067 850 exercitu,
1105 788 1250 839 alter
1287 802 1355 837 ex
1388 786 1628 854 Cinnae,
1672 792 1987 852 ignorantes
2025 801 2266 839 concur—

517 880 726 943 rerunt,
767 880 822 926 et
861 888 980 927 cum
1019 878 1196 926 victor
1230 875 1500 938 spoliaret
1538 878 1795 941 occisum,
1844 878 2033 942 agnito
2066 879 2267 943 fratrc,

516 966 727 1030 ingenti
760 965 1151 1015 lamentatione
1185 966 1364 1031 edita,
1404 977 1539 1031 rogo
1578 967 1633 1015 ei
1666 969 1973 1029 exstructo,
2012 966 2135 1027 ipse
2166 978 2267 1016 su·-

517 1064 618 1115 pra
652 1066 843 1117 rogum
879 1066 942 1102 se
979 1054 1284 1117 transfodit,
1320 1058 1377 1103 et
1408 1053 1595 1103 eodem
1630 1055 1747 1117 igni
1782 1058 2133 1116 consumptus
2160 1058 2267 1105 est.

519 1140 590 1191 Et
637 1152 756 1190 cum
807 1142 1036 1202 opprimi
1086 1143 1231 1190 inter
1278 1144 1435 1193 initia
1486 1144 1820 1211 potuissent,
1876 1140 1971 1191 Cn.
2011 1143 2267 1205 Pompeii

449 1226 732 1293 mirande,
771 1230 864 1291 qui
901 1235 1185 1290 utramque
1222 1234 1428 1291 partem
1469 1230 1705 1281 fovendo
1739 1234 1888 1281 vires
1918 1228 2130 1281 Cinnae
2166 1232 2269 1281 de·-

520 1316 600 1366 dit
635 1329 738 1367 nec
771 1318 874 1365 nisi
911 1320 1212 1381 profligatis
1246 1320 1583 1380 optimatium
1617 1320 1781 1369 rebus
1814 1319 2081 1370 auxilium
2120 1318 2268 1383 tulit,

518 1407 576 1455 et
623 1404 864 1455 consulis
916 1408 1150 1469 segnitie
1201 1406 1499 1457 confirmati
1542 1406 1715 1459 Cinna
1758 1411 1816 1458 ct
1854 1410 2059 1457 Marius
2101 1411 2269 1470 quat-

517 1493 642 1544 tuor
677 1494 1039 1561 exercitibus,
1077 1506 1146 1544 ex
1181 1496 1373 1557 quibus
1413 1496 1519 1547 duo
1557 1493 1620 1559 Q.
1657 1497 1901 1546 Sertorio
1936 1499 1993 1545 et
2026 1493 2267 1547 Carboni

518 1583 632 1634 dati
684 1586 840 1647 sunt,
905 1586 1092 1634 urbem
1148 1584 1632 1636 circumsederunt.
1724 1585 1936 1636 Ostiam
1988 1583 2267 1635 coloniam

447 1668 726 1724 15Marius
759 1675 1096 1737 expugnavit
1129 1677 1187 1724 et
1225 1673 1523 1725 crudeliter
1559 1673 1795 1737 diripuit.

1151 1847 1381 1926 Liber
1430 1844 1640 1895 Lxxx.

622 1950 834 2006 Italicis
884 1954 1100 2019 populis
1146 1967 1181 2004 a
1231 1958 1425 2005 senatu
1464 1953 1661 2004 civitas
1700 1950 1831 2004 data
1864 1953 1965 2002 est.
2038 1953 2265 2004 Samni-

522 2041 624 2104 tes,
661 2043 748 2103 qui
792 2042 898 2093 soli
933 2055 1085 2094 arma
1121 2045 1443 2108 retinebant,
1483 2039 1689 2091 Cinnae
1725 2044 1781 2090 et
1814 2043 1991 2092 Mario
2026 2054 2090 2093 se
2128 2054 2265 2094 con-

519 2127 829 2178 iunxerunt.
899 2132 983 2180 Ab
1031 2133 1101 2180 iis
1149 2131 1393 2180 Plautius
1450 2143 1569 2180 cum
1622 2130 1868 2180 exercitu
1916 2141 2115 2180 caesus
2162 2134 2262 2180 est.

442 2205 699 2264 2ocinna
747 2218 802 2266 et
845 2218 1053 2266 Marius
1103 2230 1222 2266 cum
1274 2215 1521 2268 Carbone
1564 2221 1622 2267 et
1667 2219 1913 2269 Sertorio
1962 2218 2265 2268 Ianiculum

518 2309 942 2372 occupaverunt,
978 2310 1034 2355 et
1058 2305 1232 2370 fugati
1266 2307 1334 2356 ab
1364 2306 1594 2357 Octavio
1633 2306 1856 2362 consule
1892 2311 2261 2358 recesserunt.

515 2394 725 2444 Marius
747 2396 968 2445 Antium
1006 2400 1062 2446 et
1098 2396 1339 2445 Ariciam
1374 2400 1432 2445 ct
1468 2397 1770 2446 Lanuvium
1810 2394 2054 2446 colonias
2086 2395 2258 2446 deva-

516 2483 702 2532 stavit.
784 2481 922 2533 Cum
976 2482 1130 2534 nulla
1183 2496 1309 2546 spes
1363 2487 1509 2534 esset
1564 2485 1917 2548 optimatibus
1966 2486 2261 2536 resistendi

515 2576 743 2634 propter
791 2573 1077 2636 segnitiem
1127 2575 1182 2621 et
1229 2571 1507 2633 perfidiam
1556 2574 1613 2622 et
1661 2573 1860 2622 ducum
1912 2575 1969 2622 et
2010 2571 2259 2638 militum,

440 2657 506 2711 25
522 2660 612 2720 qui
635 2662 882 2722 corrupti
916 2663 1012 2710 aut
1039 2671 1283 2722 pugnare
1315 2660 1576 2710 nolebant
1608 2663 1705 2710 aut
1738 2663 1809 2710 ad
1846 2662 2091 2710 diversas
2127 2673 2260 2724 par-

517 2747 601 2796 tes
639 2749 958 2814 transibant,
996 2746 1170 2798 Cinna
1209 2752 1266 2798 et
1296 2749 1503 2798 Marius
1538 2751 1593 2798 in
1635 2751 1824 2801 urbem
1857 2749 2067 2811 recepti
2102 2753 2259 2814 sunt3

519 2836 612 2897 qui
662 2836 814 2886 velut
856 2839 1070 2900 captam
1124 2849 1243 2887 eam
1294 2837 1551 2887 caedibus
1598 2841 1656 2887 et
1703 2838 1907 2899 rapinis
1955 2839 2258 2900 vastarunt,

516 2918 616 2971 Cn.
643 2921 874 2974 Octavio
915 2924 1140 2975 consule
1179 2927 1367 2977 occiso
1405 2929 1461 2975 et
1498 2926 1748 2975 omnibus
1782 2924 2049 2975 adversae
2084 2928 2260 2986 partis

515 3007 787 3060 nobilibus
826 3014 1138 3076 trucidatis,
1183 3015 1329 3063 inter
1364 3026 1502 3077 quos
1537 3015 1611 3062 Μ.
1646 3014 1884 3065 Antonio
1922 3013 2259 3076 eloquentis-

441 3097 662 3152 aosimo
700 3099 842 3167 viro,
889 3102 952 3150 L.
989 3107 1046 3151 et
1081 3100 1138 3153 C.
1179 3097 1435 3169 Caesare,
1473 3112 1703 3166 quorum
1737 3103 1915 3165 capita
1948 3102 2005 3152 in
2040 3103 2259 3155 Rostris

613 3285 678 3326 8⁸.
709 3284 906 3338 caecare]
947 3285 1184 3328 caesaribus
1211 3290 1460 3332 Gronoviuo.
