<?xml version="1.0" encoding="UTF-8"?>
<!DOCTYPE html PUBLIC "-//W3C//DTD XHTML 1.0 Transitional//EN"
    "http://www.w3.org/TR/xhtml1/DTD/xhtml1-transitional.dtd">
<html xmlns="http://www.w3.org/1999/xhtml" xml:lang="en" lang="en">
 <head>
  <title>
</title>
<meta http-equiv="Content-Type" content="text/html;charset=utf-8" />
  <meta name='ocr-system' content='tesseract 3.04.00' />
  <meta name='ocr-capabilities' content='ocr_page ocr_carea ocr_par ocr_line ocrx_word'/>
</head>
<body>
  <div class='ocr_page' id='page_1' title='image "./catilinaetiugur00livygoog_0341.png"; bbox 0 0 2525 3925; ppageno 0'>
   <div class='ocr_carea' id='block_1_1' title="bbox 929 306 2085 385">
    <p class='ocr_par' dir='ltr' id='par_1_1' title="bbox 929 306 2085 385">
     <span class='ocr_line' id='line_1_1' title="bbox 929 306 2085 385; baseline 0 -1"><span class='ocrx_word' id='word_1_1' title='bbox 929 306 1299 384; x_wconf 71' lang='lat' dir='ltr'><strong>nmn‘onuu</strong></span> <span class='ocrx_word' id='word_1_2' title='bbox 1332 330 1489 385; x_wconf 69' lang='lat' dir='ltr'><strong>exn.</strong></span> <span class='ocrx_word' id='word_1_3' title='bbox 1976 335 2085 385; x_wconf 71' lang='lat'><strong>325</strong></span> 
     </span>
    </p>
   </div>
   <div class='ocr_carea' id='block_1_2' title="bbox 947 478 1472 532">
    <p class='ocr_par' dir='ltr' id='par_1_2' title="bbox 947 478 1472 532">
     <span class='ocr_line' id='line_1_2' title="bbox 947 478 1472 532; baseline 0 -2"><span class='ocrx_word' id='word_1_4' title='bbox 947 482 1186 532; x_wconf 74' lang='lat' dir='ltr'><strong>Liber</strong></span> <span class='ocrx_word' id='word_1_5' title='bbox 1233 478 1472 531; x_wconf 75' lang='lat' dir='ltr'><strong>CXXVI.</strong></span> 
     </span>
    </p>
   </div>
   <div class='ocr_carea' id='block_1_3' title="bbox 258 583 2149 1181">
    <p class='ocr_par' dir='ltr' id='par_1_3' title="bbox 258 583 2149 1181">
     <span class='ocr_line' id='line_1_3' title="bbox 258 583 2082 654; baseline 0.009 -29"><span class='ocrx_word' id='word_1_6' title='bbox 258 589 332 627; x_wconf 82' lang='lat'><strong>713</strong></span> <span class='ocrx_word' id='word_1_7' title='bbox 437 586 494 637; x_wconf 83' lang='lat' dir='ltr'><strong>C.</strong></span> <span class='ocrx_word' id='word_1_8' title='bbox 539 583 748 638; x_wconf 84' lang='lat' dir='ltr'><strong>Caesar</strong></span> <span class='ocrx_word' id='word_1_9' title='bbox 781 598 900 637; x_wconf 86' lang='lat' dir='ltr'><strong>cum</strong></span> <span class='ocrx_word' id='word_1_10' title='bbox 941 592 1089 639; x_wconf 82' lang='lat' dir='ltr'><strong>esset</strong></span> <span class='ocrx_word' id='word_1_11' title='bbox 1123 601 1384 639; x_wconf 85' lang='lat' dir='ltr'><strong>annorum</strong></span> <span class='ocrx_word' id='word_1_12' title='bbox 1432 588 1632 651; x_wconf 82' lang='lat' dir='ltr'><strong>viginti</strong></span> <span class='ocrx_word' id='word_1_13' title='bbox 1671 590 1849 654; x_wconf 78' lang='lat' dir='ltr'><strong>trium,</strong></span> <span class='ocrx_word' id='word_1_14' title='bbox 1892 590 2082 640; x_wconf 78' lang='lat' dir='ltr'><strong>obses-</strong></span> 
     </span>
     <span class='ocr_line' id='line_1_4' title="bbox 331 677 2083 739; baseline 0.001 -13"><span class='ocrx_word' id='word_1_15' title='bbox 331 688 450 726; x_wconf 78' lang='lat' dir='ltr'><strong>sum</strong></span> <span class='ocrx_word' id='word_1_16' title='bbox 499 678 556 726; x_wconf 90' lang='lat' dir='ltr'><strong>in</strong></span> <span class='ocrx_word' id='word_1_17' title='bbox 612 677 812 738; x_wconf 83' lang='lat' dir='ltr'><strong>oppido</strong></span> <span class='ocrx_word' id='word_1_18' title='bbox 863 678 1089 727; x_wconf 78' lang='lat' dir='ltr'><strong>Perusia</strong></span> <span class='ocrx_word' id='word_1_19' title='bbox 1128 680 1190 727; x_wconf 82' lang='lat' dir='ltr'><strong>L.</strong></span> <span class='ocrx_word' id='word_1_20' title='bbox 1229 678 1524 727; x_wconf 78' lang='lat' dir='ltr'><strong>Antonium</strong></span> <span class='ocrx_word' id='word_1_21' title='bbox 1574 680 1928 739; x_wconf 77' lang='lat' dir='ltr'><strong>conatumque</strong></span> <span class='ocrx_word' id='word_1_22' title='bbox 1976 678 2083 727; x_wconf 87' lang='lat' dir='ltr'><strong>ali-</strong></span> 
     </span>
     <span class='ocr_line' id='line_1_5' title="bbox 335 764 2149 829; baseline 0.002 -16"><span class='ocrx_word' id='word_1_23' title='bbox 335 766 548 826; x_wconf 81' lang='lat' dir='ltr'><strong>quoties</strong></span> <span class='ocrx_word' id='word_1_24' title='bbox 584 775 872 827; x_wconf 80' lang='lat' dir='ltr'><strong>erumpere</strong></span> <span class='ocrx_word' id='word_1_25' title='bbox 922 768 978 815; x_wconf 80' lang='lat' dir='ltr'><strong>et</strong></span> <span class='ocrx_word' id='word_1_26' title='bbox 1023 765 1301 828; x_wconf 86' lang='lat' dir='ltr'><strong>repulsum</strong></span> <span class='ocrx_word' id='word_1_27' title='bbox 1352 766 1496 816; x_wconf 79' lang='lat' dir='ltr'><strong>fame</strong></span> <span class='ocrx_word' id='word_1_28' title='bbox 1533 764 1717 829; x_wconf 69' lang='lat' dir='ltr'><strong>coegit</strong></span> <span class='ocrx_word' id='word_1_29' title='bbox 1752 767 1808 814; x_wconf 89' lang='lat' dir='ltr'><strong>in</strong></span> <span class='ocrx_word' id='word_1_30' title='bbox 1848 765 2082 817; x_wconf 81' lang='lat' dir='ltr'><strong>deditio·</strong></span> <span class='ocrx_word' id='word_1_31' title='bbox 2142 797 2149 805; x_wconf 75' lang='lat'>=</span> 
     </span>
     <span class='ocr_line' id='line_1_6' title="bbox 329 848 2117 920; baseline 0.001 -19"><span class='ocrx_word' id='word_1_32' title='bbox 329 864 452 902; x_wconf 89' lang='lat' dir='ltr'><strong>nem</strong></span> <span class='ocrx_word' id='word_1_33' title='bbox 493 856 718 916; x_wconf 79' lang='lat' dir='ltr'><strong>venire3</strong></span> <span class='ocrx_word' id='word_1_34' title='bbox 766 855 973 917; x_wconf 79' lang='lat' dir='ltr'><strong>ipsique</strong></span> <span class='ocrx_word' id='word_1_35' title='bbox 1007 857 1064 904; x_wconf 85' lang='lat' dir='ltr'><strong>et</strong></span> <span class='ocrx_word' id='word_1_36' title='bbox 1100 855 1352 905; x_wconf 89' lang='lat' dir='ltr'><strong>omnibus</strong></span> <span class='ocrx_word' id='word_1_37' title='bbox 1384 854 1645 909; x_wconf 72' lang='lat' dir='ltr'><strong>militibus</strong></span> <span class='ocrx_word' id='word_1_38' title='bbox 1682 854 1801 903; x_wconf 85' lang='lat' dir='ltr'><strong>eius</strong></span> <span class='ocrx_word' id='word_1_39' title='bbox 1839 848 2117 920; x_wconf 84' lang='lat' dir='ltr'><strong>ignovit,5</strong></span> 
     </span>
     <span class='ocr_line' id='line_1_7' title="bbox 334 940 2083 1006; baseline 0.002 -19"><span class='ocrx_word' id='word_1_40' title='bbox 334 940 614 990; x_wconf 84' lang='lat' dir='ltr'><strong>Perusiam</strong></span> <span class='ocrx_word' id='word_1_41' title='bbox 653 942 835 992; x_wconf 81' lang='lat' dir='ltr'><strong>diruit.</strong></span> <span class='ocrx_word' id='word_1_42' title='bbox 908 941 1273 1006; x_wconf 78' lang='lat' dir='ltr'><strong>Redactisque</strong></span> <span class='ocrx_word' id='word_1_43' title='bbox 1313 945 1367 992; x_wconf 89' lang='lat' dir='ltr'><strong>in</strong></span> <span class='ocrx_word' id='word_1_44' title='bbox 1407 945 1738 1005; x_wconf 83' lang='lat' dir='ltr'><strong>potestatem</strong></span> <span class='ocrx_word' id='word_1_45' title='bbox 1774 954 1927 992; x_wconf 86' lang='lat' dir='ltr'><strong>suam</strong></span> <span class='ocrx_word' id='word_1_46' title='bbox 1960 955 2083 992; x_wconf 91' lang='lat' dir='ltr'><strong>om-</strong></span> 
     </span>
     <span class='ocr_line' id='line_1_8' title="bbox 331 1029 2079 1100; baseline 0.001 -23"><span class='ocrx_word' id='word_1_47' title='bbox 331 1030 488 1077; x_wconf 85' lang='lat' dir='ltr'><strong>nibus</strong></span> <span class='ocrx_word' id='word_1_48' title='bbox 533 1029 787 1081; x_wconf 82' lang='lat' dir='ltr'><strong>diversae</strong></span> <span class='ocrx_word' id='word_1_49' title='bbox 836 1034 1012 1092; x_wconf 84' lang='lat' dir='ltr'><strong>partis</strong></span> <span class='ocrx_word' id='word_1_50' title='bbox 1057 1032 1420 1100; x_wconf 79' lang='lat' dir='ltr'><strong>exercitibus,</strong></span> <span class='ocrx_word' id='word_1_51' title='bbox 1468 1030 1674 1083; x_wconf 85' lang='lat' dir='ltr'><strong>bellum</strong></span> <span class='ocrx_word' id='word_1_52' title='bbox 1723 1033 1863 1081; x_wconf 85' lang='lat' dir='ltr'><strong>citra</strong></span> <span class='ocrx_word' id='word_1_53' title='bbox 1908 1030 2079 1081; x_wconf 82' lang='lat' dir='ltr'><strong>ulium</strong></span> 
     </span>
     <span class='ocr_line' id='line_1_9' title="bbox 331 1118 938 1181; baseline 0.008 -17"><span class='ocrx_word' id='word_1_54' title='bbox 331 1119 650 1181; x_wconf 84' lang='lat' dir='ltr'><strong>sanguinem</strong></span> <span class='ocrx_word' id='word_1_55' title='bbox 687 1118 938 1169; x_wconf 80' lang='lat' dir='ltr'><strong>confecit.</strong></span> 
     </span>
    </p>
   </div>
   <div class='ocr_carea' id='block_1_4' title="bbox 926 1259 1479 1314">
    <p class='ocr_par' dir='ltr' id='par_1_4' title="bbox 926 1259 1479 1314">
     <span class='ocr_line' id='line_1_10' title="bbox 926 1259 1479 1314; baseline -0.004 -1"><span class='ocrx_word' id='word_1_56' title='bbox 926 1264 972 1313; x_wconf 80' lang='lat' dir='ltr'>L</span> <span class='ocrx_word' id='word_1_57' title='bbox 992 1264 1009 1313; x_wconf 93' lang='lat' dir='ltr'><strong>i</strong></span> <span class='ocrx_word' id='word_1_58' title='bbox 1030 1266 1063 1314; x_wconf 87' lang='lat' dir='ltr'><strong>b</strong></span> <span class='ocrx_word' id='word_1_59' title='bbox 1082 1276 1113 1313; x_wconf 89' lang='lat' dir='ltr'><strong>e</strong></span> <span class='ocrx_word' id='word_1_60' title='bbox 1130 1276 1159 1313; x_wconf 90' lang='lat' dir='ltr'><strong>r</strong></span> <span class='ocrx_word' id='word_1_61' title='bbox 1214 1259 1479 1314; x_wconf 81' lang='lat' dir='ltr'><strong>cxxvn.</strong></span> 
     </span>
    </p>
   </div>
   <div class='ocr_carea' id='block_1_5' title="bbox 327 1359 2157 1523">
    <p class='ocr_par' dir='ltr' id='par_1_5' title="bbox 327 1359 2157 1523">
     <span class='ocr_line' id='line_1_11' title="bbox 435 1359 2157 1435; baseline 0.004 -18"><span class='ocrx_word' id='word_1_62' title='bbox 435 1367 620 1417; x_wconf 77' lang='lat' dir='ltr'><strong>Parthi</strong></span> <span class='ocrx_word' id='word_1_63' title='bbox 655 1370 897 1420; x_wconf 66' lang='lat' dir='ltr'><strong>[sabieno</strong></span> <span class='ocrx_word' id='word_1_64' title='bbox 913 1407 928 1431; x_wconf 89' lang='lat'><strong>‚</strong></span> <span class='ocrx_word' id='word_1_65' title='bbox 984 1372 1077 1433; x_wconf 87' lang='lat' dir='ltr'><strong>qui</strong></span> <span class='ocrx_word' id='word_1_66' title='bbox 1112 1371 1560 1435; x_wconf 81' lang='lat' dir='ltr'><strong>Pompeianarum</strong></span> <span class='ocrx_word' id='word_1_67' title='bbox 1603 1374 1840 1434; x_wconf 81' lang='lat' dir='ltr'><strong>partium</strong></span> <span class='ocrx_word' id='word_1_68' title='bbox 1872 1374 2069 1435; x_wconf 81' lang='lat' dir='ltr'><strong>fuerat,</strong></span> <span class='ocrx_word' id='word_1_69' title='bbox 2091 1359 2157 1409; x_wconf 87' lang='lat'><strong>¹⁰</strong></span> 
     </span>
     <span class='ocr_line' id='line_1_12' title="bbox 327 1458 2079 1523; baseline 0.003 -18"><span class='ocrx_word' id='word_1_70' title='bbox 327 1458 466 1506; x_wconf 82' lang='lat' dir='ltr'><strong>duce</strong></span> <span class='ocrx_word' id='word_1_71' title='bbox 499 1458 560 1505; x_wconf 87' lang='lat' dir='ltr'><strong>in</strong></span> <span class='ocrx_word' id='word_1_72' title='bbox 595 1458 818 1520; x_wconf 77' lang='lat' dir='ltr'><strong>syriam</strong></span> <span class='ocrx_word' id='word_1_73' title='bbox 849 1459 1196 1523; x_wconf 83' lang='lat' dir='ltr'><strong>irruperunt,</strong></span> <span class='ocrx_word' id='word_1_74' title='bbox 1244 1458 1505 1523; x_wconf 80' lang='lat' dir='ltr'><strong>victoque</strong></span> <span class='ocrx_word' id='word_1_75' title='bbox 1540 1460 1771 1511; x_wconf 80' lang='lat' dir='ltr'><strong>Decidio</strong></span> <span class='ocrx_word' id='word_1_76' title='bbox 1806 1463 1956 1511; x_wconf 78' lang='lat' dir='ltr'><strong>saxa</strong></span> <span class='ocrx_word' id='word_1_77' title='bbox 1998 1464 2079 1511; x_wconf 81' lang='grc' dir='ltr'><strong>Μ.</strong></span> 
     </span>
    </p>
   </div>
   <div class='ocr_carea' id='block_1_6' title="bbox 328 1542 2165 1610">
    <p class='ocr_par' dir='ltr' id='par_1_6' title="bbox 328 1542 2165 1610">
     <span class='ocr_line' id='line_1_13' title="bbox 328 1542 2165 1610; baseline 0.002 -17"><span class='ocrx_word' id='word_1_78' title='bbox 328 1547 555 1595; x_wconf 78' lang='lat' dir='ltr'><strong>Antonii</strong></span> <span class='ocrx_word' id='word_1_79' title='bbox 613 1545 800 1609; x_wconf 80' lang='lat' dir='ltr'><strong>legato</strong></span> <span class='ocrx_word' id='word_1_80' title='bbox 851 1548 1022 1597; x_wconf 77' lang='lat' dir='ltr'><strong>totam</strong></span> <span class='ocrx_word' id='word_1_81' title='bbox 1053 1558 1198 1597; x_wconf 84' lang='lat' dir='ltr'><strong>··eam</strong></span> <span class='ocrx_word' id='word_1_82' title='bbox 1257 1550 1597 1609; x_wconf 80' lang='lat' dir='ltr'><strong>provinciam</strong></span> <span class='ocrx_word' id='word_1_83' title='bbox 1650 1552 2080 1610; x_wconf 81' lang='lat' dir='ltr'><strong>occupaverunt.</strong></span> <span class='ocrx_word' id='word_1_84' title='bbox 2154 1542 2165 1553; x_wconf 80' lang='lat'><em>&#39;</em></span> 
     </span>
    </p>
   </div>
   <div class='ocr_carea' id='block_1_7' title="bbox 245 1632 2154 2582">
    <p class='ocr_par' dir='ltr' id='par_1_7' title="bbox 248 1632 2154 2312">
     <span class='ocr_line' id='line_1_14' title="bbox 248 1632 2081 1699; baseline 0.003 -19"><span class='ocrx_word' id='word_1_85' title='bbox 248 1632 403 1681; x_wconf 70' lang='lat' dir='ltr'><strong>⁷14M.</strong></span> <span class='ocrx_word' id='word_1_86' title='bbox 439 1634 740 1698; x_wconf 85' lang='lat' dir='ltr'><strong>Antonius,</strong></span> <span class='ocrx_word' id='word_1_87' title='bbox 791 1646 912 1683; x_wconf 89' lang='lat' dir='ltr'><strong>cum</strong></span> <span class='ocrx_word' id='word_1_88' title='bbox 954 1637 1024 1685; x_wconf 81' lang='lat' dir='ltr'><strong>ad</strong></span> <span class='ocrx_word' id='word_1_89' title='bbox 1067 1634 1268 1685; x_wconf 78' lang='lat' dir='ltr'><strong>beilum</strong></span> <span class='ocrx_word' id='word_1_90' title='bbox 1310 1641 1503 1686; x_wconf 87' lang='lat' dir='ltr'><strong>contra</strong></span> <span class='ocrx_word' id='word_1_91' title='bbox 1540 1634 1831 1686; x_wconf 83' lang='lat' dir='ltr'><strong>Gaesarem</strong></span> <span class='ocrx_word' id='word_1_92' title='bbox 1878 1646 2081 1699; x_wconf 77' lang='lat' dir='ltr'><strong>geren-</strong></span> 
     </span>
     <span class='ocr_line' id='line_1_15' title="bbox 325 1722 2079 1790; baseline 0.003 -21"><span class='ocrx_word' id='word_1_93' title='bbox 325 1722 450 1769; x_wconf 79' lang='lat' dir='ltr'><strong>dum</strong></span> <span class='ocrx_word' id='word_1_94' title='bbox 490 1724 716 1782; x_wconf 80' lang='lat' dir='ltr'><strong>paratus</strong></span> <span class='ocrx_word' id='word_1_95' title='bbox 765 1725 946 1789; x_wconf 82' lang='lat' dir='ltr'><strong>esset,</strong></span> <span class='ocrx_word' id='word_1_96' title='bbox 993 1735 1162 1773; x_wconf 87' lang='lat' dir='ltr'><strong>uxore</strong></span> <span class='ocrx_word' id='word_1_97' title='bbox 1197 1722 1403 1773; x_wconf 81' lang='lat' dir='ltr'><strong>Fulvia</strong></span> <span class='ocrx_word' id='word_1_98' title='bbox 1437 1723 1661 1774; x_wconf 82' lang='lat' dir='ltr'><strong>dimissa</strong></span> <span class='ocrx_word' id='word_1_99' title='bbox 1677 1758 1693 1790; x_wconf 93' lang='lat'><strong>,</strong></span> <span class='ocrx_word' id='word_1_100' title='bbox 1741 1735 1812 1774; x_wconf 87' lang='lat' dir='ltr'><strong>ne</strong></span> <span class='ocrx_word' id='word_1_101' title='bbox 1846 1735 2079 1775; x_wconf 89' lang='lat' dir='ltr'><strong>concor-</strong></span> 
     </span>
     <span class='ocr_line' id='line_1_16' title="bbox 327 1799 2154 1875; baseline 0.004 -20"><span class='ocrx_word' id='word_1_102' title='bbox 327 1806 449 1859; x_wconf 84' lang='lat' dir='ltr'><strong>diae</strong></span> <span class='ocrx_word' id='word_1_103' title='bbox 485 1810 683 1859; x_wconf 86' lang='lat' dir='ltr'><strong>ducum</strong></span> <span class='ocrx_word' id='word_1_104' title='bbox 717 1812 982 1875; x_wconf 80' lang='lat' dir='ltr'><strong>obstaret,</strong></span> <span class='ocrx_word' id='word_1_105' title='bbox 1035 1824 1172 1874; x_wconf 85' lang='lat' dir='ltr'><strong>pace</strong></span> <span class='ocrx_word' id='word_1_106' title='bbox 1207 1813 1357 1861; x_wconf 77' lang='lat' dir='ltr'><strong>facta</strong></span> <span class='ocrx_word' id='word_1_107' title='bbox 1393 1824 1515 1863; x_wconf 88' lang='lat' dir='ltr'><strong>cum</strong></span> <span class='ocrx_word' id='word_1_108' title='bbox 1554 1809 1793 1863; x_wconf 77' lang='lat' dir='ltr'><strong>Caesare</strong></span> <span class='ocrx_word' id='word_1_109' title='bbox 1826 1824 2076 1863; x_wconf 80' lang='lat' dir='ltr'><strong>sororem</strong></span> <span class='ocrx_word' id='word_1_110' title='bbox 2092 1799 2154 1849; x_wconf 88' lang='lat'><strong>15</strong></span> 
     </span>
     <span class='ocr_line' id='line_1_17' title="bbox 325 1894 2079 1966; baseline 0.005 -22"><span class='ocrx_word' id='word_1_111' title='bbox 325 1897 444 1945; x_wconf 87' lang='lat' dir='ltr'><strong>eius</strong></span> <span class='ocrx_word' id='word_1_112' title='bbox 479 1894 764 1947; x_wconf 82' lang='lat' dir='ltr'><strong>Octaviam</strong></span> <span class='ocrx_word' id='word_1_113' title='bbox 811 1899 868 1950; x_wconf 82' lang='lat' dir='ltr'><strong>in</strong></span> <span class='ocrx_word' id='word_1_114' title='bbox 915 1901 1317 1951; x_wconf 84' lang='lat' dir='ltr'><strong>matrimonium</strong></span> <span class='ocrx_word' id='word_1_115' title='bbox 1360 1902 1526 1951; x_wconf 85' lang='lat' dir='ltr'><strong>duxit.</strong></span> <span class='ocrx_word' id='word_1_116' title='bbox 1600 1896 1664 1966; x_wconf 77' lang='grc' dir='ltr'><strong>Ω.</strong></span> <span class='ocrx_word' id='word_1_117' title='bbox 1703 1899 2079 1952; x_wconf 80' lang='lat' dir='ltr'><strong>Salvidienum</strong></span> 
     </span>
     <span class='ocr_line' id='line_1_18' title="bbox 325 1985 2076 2042; baseline 0.005 -10"><span class='ocrx_word' id='word_1_118' title='bbox 325 1985 558 2035; x_wconf 86' lang='lat' dir='ltr'><strong>consilia</strong></span> <span class='ocrx_word' id='word_1_119' title='bbox 603 1987 820 2038; x_wconf 80' lang='lat' dir='ltr'><strong>nefaria</strong></span> <span class='ocrx_word' id='word_1_120' title='bbox 867 1993 1063 2038; x_wconf 85' lang='lat' dir='ltr'><strong>contra</strong></span> <span class='ocrx_word' id='word_1_121' title='bbox 1098 1986 1391 2040; x_wconf 77' lang='lat' dir='ltr'><strong>Caesarem</strong></span> <span class='ocrx_word' id='word_1_122' title='bbox 1440 1990 1687 2042; x_wconf 85' lang='lat' dir='ltr'><strong>molitum</strong></span> <span class='ocrx_word' id='word_1_123' title='bbox 1730 1991 1935 2042; x_wconf 86' lang='lat' dir='ltr'><strong>indicio</strong></span> <span class='ocrx_word' id='word_1_124' title='bbox 1976 2003 2076 2042; x_wconf 82' lang='lat' dir='ltr'><strong>suo</strong></span> 
     </span>
     <span class='ocr_line' id='line_1_19' title="bbox 323 2075 2079 2140; baseline 0.005 -19"><span class='ocrx_word' id='word_1_125' title='bbox 323 2075 612 2140; x_wconf 83' lang='lat' dir='ltr'><strong>protraxit,</strong></span> <span class='ocrx_word' id='word_1_126' title='bbox 632 2077 784 2137; x_wconf 83' lang='lat' dir='ltr'><strong>isque</strong></span> <span class='ocrx_word' id='word_1_127' title='bbox 811 2077 1094 2127; x_wconf 81' lang='lat' dir='ltr'><strong>damnatus</strong></span> <span class='ocrx_word' id='word_1_128' title='bbox 1119 2080 1348 2129; x_wconf 82' lang='lat' dir='ltr'><strong>mortem</strong></span> <span class='ocrx_word' id='word_1_129' title='bbox 1370 2079 1477 2129; x_wconf 87' lang='lat' dir='ltr'><strong>sibi</strong></span> <span class='ocrx_word' id='word_1_130' title='bbox 1502 2080 1793 2130; x_wconf 78' lang='lat' dir='ltr'><strong>conscivit.</strong></span> <span class='ocrx_word' id='word_1_131' title='bbox 1842 2078 1897 2128; x_wconf 88' lang='lat' dir='ltr'><strong>P.</strong></span> <span class='ocrx_word' id='word_1_132' title='bbox 1924 2079 2079 2130; x_wconf 87' lang='lat' dir='ltr'><strong>Ven-</strong></span> 
     </span>
     <span class='ocr_line' id='line_1_20' title="bbox 325 2162 2079 2230; baseline 0.004 -21"><span class='ocrx_word' id='word_1_133' title='bbox 325 2162 490 2210; x_wconf 86' lang='lat' dir='ltr'><strong>tidius</strong></span> <span class='ocrx_word' id='word_1_134' title='bbox 514 2163 740 2213; x_wconf 79' lang='lat' dir='ltr'><strong>Antonii</strong></span> <span class='ocrx_word' id='word_1_135' title='bbox 766 2163 981 2226; x_wconf 77' lang='lat' dir='ltr'><strong>legatus</strong></span> <span class='ocrx_word' id='word_1_136' title='bbox 1007 2165 1238 2216; x_wconf 78' lang='lat' dir='ltr'><strong>Parthos</strong></span> <span class='ocrx_word' id='word_1_137' title='bbox 1264 2167 1477 2229; x_wconf 87' lang='lat' dir='ltr'><strong>proelio</strong></span> <span class='ocrx_word' id='word_1_138' title='bbox 1504 2169 1688 2218; x_wconf 86' lang='lat' dir='ltr'><strong>victos</strong></span> <span class='ocrx_word' id='word_1_139' title='bbox 1712 2168 1882 2230; x_wconf 79' lang='lat' dir='ltr'><strong>Syria</strong></span> <span class='ocrx_word' id='word_1_140' title='bbox 1906 2179 2079 2229; x_wconf 82' lang='lat' dir='ltr'><strong>expu-</strong></span> 
     </span>
     <span class='ocr_line' id='line_1_21' title="bbox 319 2241 2152 2312; baseline 0.004 -15"><span class='ocrx_word' id='word_1_141' title='bbox 319 2248 419 2312; x_wconf 87' lang='lat' dir='ltr'><strong>lit,</strong></span> <span class='ocrx_word' id='word_1_142' title='bbox 465 2250 706 2301; x_wconf 82' lang='lat' dir='ltr'><strong>Labieno</strong></span> <span class='ocrx_word' id='word_1_143' title='bbox 755 2265 942 2303; x_wconf 88' lang='lat' dir='ltr'><strong>eorum</strong></span> <span class='ocrx_word' id='word_1_144' title='bbox 983 2255 1122 2304; x_wconf 81' lang='lat' dir='ltr'><strong>duce</strong></span> <span class='ocrx_word' id='word_1_145' title='bbox 1169 2258 1372 2306; x_wconf 87' lang='lat' dir='ltr'><strong>occiso.</strong></span> <span class='ocrx_word' id='word_1_146' title='bbox 1447 2253 1581 2304; x_wconf 84' lang='lat' dir='ltr'><strong>Cum</strong></span> <span class='ocrx_word' id='word_1_147' title='bbox 1617 2256 1835 2305; x_wconf 85' lang='lat' dir='ltr'><strong>vicinus</strong></span> <span class='ocrx_word' id='word_1_148' title='bbox 1868 2241 2152 2304; x_wconf 81' lang='lat' dir='ltr'><strong>Italiae2⁰</strong></span> 
     </span>
    </p>

    <p class='ocr_par' dir='ltr' id='par_1_8' title="bbox 245 2338 2077 2582">
     <span class='ocr_line' id='line_1_22' title="bbox 245 2338 2077 2403; baseline 0.006 -25"><span class='ocrx_word' id='word_1_149' title='bbox 245 2338 496 2387; x_wconf 77' lang='lat' dir='ltr'><strong>nsbostis</strong></span> <span class='ocrx_word' id='word_1_150' title='bbox 517 2341 661 2390; x_wconf 69' lang='lat' dir='ltr'><strong>sex.</strong></span> <span class='ocrx_word' id='word_1_151' title='bbox 702 2340 987 2403; x_wconf 87' lang='lat' dir='ltr'><strong>Pompeius</strong></span> <span class='ocrx_word' id='word_1_152' title='bbox 1024 2342 1269 2392; x_wconf 84' lang='lat' dir='ltr'><strong>Siciliam</strong></span> <span class='ocrx_word' id='word_1_153' title='bbox 1317 2346 1529 2391; x_wconf 88' lang='lat' dir='ltr'><strong>teneret</strong></span> <span class='ocrx_word' id='word_1_154' title='bbox 1578 2346 1634 2392; x_wconf 88' lang='lat' dir='ltr'><strong>et</strong></span> <span class='ocrx_word' id='word_1_155' title='bbox 1682 2343 2077 2392; x_wconf 89' lang='lat' dir='ltr'><strong>commercium</strong></span> 
     </span>
     <span class='ocr_line' id='line_1_23' title="bbox 324 2428 2077 2493; baseline 0.003 -19"><span class='ocrx_word' id='word_1_156' title='bbox 324 2437 575 2476; x_wconf 84' lang='lat' dir='ltr'><strong>annonae</strong></span> <span class='ocrx_word' id='word_1_157' title='bbox 620 2430 943 2492; x_wconf 88' lang='lat' dir='ltr'><strong>impediret,</strong></span> <span class='ocrx_word' id='word_1_158' title='bbox 995 2441 1114 2479; x_wconf 88' lang='lat' dir='ltr'><strong>cum</strong></span> <span class='ocrx_word' id='word_1_159' title='bbox 1151 2441 1218 2480; x_wconf 87' lang='lat' dir='ltr'><strong>eo</strong></span> <span class='ocrx_word' id='word_1_160' title='bbox 1257 2431 1586 2492; x_wconf 82' lang='lat' dir='ltr'><strong>postulatam</strong></span> <span class='ocrx_word' id='word_1_161' title='bbox 1638 2443 1831 2493; x_wconf 84' lang='lat' dir='ltr'><strong>pacem</strong></span> <span class='ocrx_word' id='word_1_162' title='bbox 1872 2428 2077 2480; x_wconf 86' lang='lat' dir='ltr'><strong>Caesar</strong></span> 
     </span>
     <span class='ocr_line' id='line_1_24' title="bbox 324 2515 2077 2582; baseline 0.002 -19"><span class='ocrx_word' id='word_1_163' title='bbox 324 2518 382 2563; x_wconf 87' lang='lat' dir='ltr'><strong>et</strong></span> <span class='ocrx_word' id='word_1_164' title='bbox 415 2515 686 2565; x_wconf 81' lang='lat' dir='ltr'><strong>Antonius</strong></span> <span class='ocrx_word' id='word_1_165' title='bbox 718 2518 990 2582; x_wconf 79' lang='lat' dir='ltr'><strong>fecerunt,</strong></span> <span class='ocrx_word' id='word_1_166' title='bbox 1039 2519 1118 2568; x_wconf 87' lang='lat' dir='ltr'><strong>ita</strong></span> <span class='ocrx_word' id='word_1_167' title='bbox 1155 2522 1214 2569; x_wconf 83' lang='lat' dir='ltr'><strong>ut</strong></span> <span class='ocrx_word' id='word_1_168' title='bbox 1247 2518 1495 2568; x_wconf 84' lang='lat' dir='ltr'><strong>Siciliam</strong></span> <span class='ocrx_word' id='word_1_169' title='bbox 1531 2519 1874 2581; x_wconf 86' lang='lat' dir='ltr'><strong>provinciam</strong></span> <span class='ocrx_word' id='word_1_170' title='bbox 1907 2519 2077 2569; x_wconf 81' lang='lat' dir='ltr'><strong>habe-</strong></span> 
     </span>
    </p>
   </div>
   <div class='ocr_carea' id='block_1_8' title="bbox 324 2603 2152 2740">
    <p class='ocr_par' dir='ltr' id='par_1_9' title="bbox 324 2603 2152 2740">
     <span class='ocr_line' id='line_1_25' title="bbox 324 2603 2117 2728; baseline 0.003 -78"><span class='ocrx_word' id='word_1_171' title='bbox 324 2605 426 2651; x_wconf 84' lang='lat' dir='ltr'><strong>ret.</strong></span> <span class='ocrx_word' id='word_1_172' title='bbox 499 2603 794 2654; x_wconf 81' lang='lat' dir='ltr'><strong>Praeterea</strong></span> <span class='ocrx_word' id='word_1_173' title='bbox 839 2608 1028 2654; x_wconf 81' lang='lat' dir='ltr'><strong>motus.</strong></span> <span class='ocrx_word' id='word_1_174' title='bbox 1056 2605 1283 2656; x_wconf 77' lang='lat' dir='ltr'><strong>Africae</strong></span> <span class='ocrx_word' id='word_1_175' title='bbox 1334 2609 1389 2655; x_wconf 89' lang='lat' dir='ltr'><strong>et</strong></span> <span class='ocrx_word' id='word_1_176' title='bbox 1435 2606 1583 2658; x_wconf 85' lang='lat' dir='ltr'><strong>bella</strong></span> <span class='ocrx_word' id='word_1_177' title='bbox 1628 2609 1704 2658; x_wconf 89' lang='lat' dir='ltr'><strong>ibi</strong></span> <span class='ocrx_word' id='word_1_178' title='bbox 1742 2612 1905 2672; x_wconf 80' lang='lat' dir='ltr'><strong>gesta</strong></span> <span class='ocrx_word' id='word_1_179' title='bbox 1943 2619 2117 2728; x_wconf 76' lang='lat' dir='ltr'><strong>con-2</strong></span> 
     </span>
     <span class='ocr_line' id='line_1_26' title="bbox 325 2685 2152 2740; baseline 0.003 -2"><span class='ocrx_word' id='word_1_180' title='bbox 325 2691 476 2740; x_wconf 77' lang='lat' dir='ltr'><strong>tinet.</strong></span> <span class='ocrx_word' id='word_1_181' title='bbox 2122 2685 2152 2728; x_wconf 78' lang='lat'>⁵</span> 
     </span>
    </p>
   </div>
   <div class='ocr_carea' id='block_1_9' title="bbox 887 2810 1489 2868">
    <p class='ocr_par' dir='ltr' id='par_1_10' title="bbox 887 2810 1489 2868">
     <span class='ocr_line' id='line_1_27' title="bbox 887 2810 1489 2868; baseline 0.002 -7"><span class='ocrx_word' id='word_1_182' title='bbox 887 2812 955 2868; x_wconf 66' lang='lat'><strong>,11</strong></span> <span class='ocrx_word' id='word_1_183' title='bbox 974 2813 992 2860; x_wconf 82' lang='lat' dir='ltr'><strong>i</strong></span> <span class='ocrx_word' id='word_1_184' title='bbox 1014 2814 1046 2862; x_wconf 85' lang='lat' dir='ltr'><strong>b</strong></span> <span class='ocrx_word' id='word_1_185' title='bbox 1065 2823 1096 2863; x_wconf 86' lang='lat' dir='ltr'><strong>e</strong></span> <span class='ocrx_word' id='word_1_186' title='bbox 1115 2825 1145 2861; x_wconf 89' lang='grc' dir='ltr'><strong>ι·</strong></span> <span class='ocrx_word' id='word_1_187' title='bbox 1195 2810 1489 2865; x_wconf 82' lang='lat' dir='ltr'><strong>cxxvm.</strong></span> 
     </span>
    </p>
   </div>
   <div class='ocr_carea' id='block_1_10' title="bbox 246 2913 2077 3070">
    <p class='ocr_par' dir='ltr' id='par_1_11' title="bbox 246 2913 2077 3070">
     <span class='ocr_line' id='line_1_28' title="bbox 246 2913 2077 2980; baseline 0.005 -19"><span class='ocrx_word' id='word_1_188' title='bbox 246 2924 324 2962; x_wconf 69' lang='grc' dir='ltr'><strong>πο</strong></span> <span class='ocrx_word' id='word_1_189' title='bbox 429 2913 562 2967; x_wconf 81' lang='lat' dir='ltr'><strong>Cum</strong></span> <span class='ocrx_word' id='word_1_190' title='bbox 595 2917 723 2966; x_wconf 76' lang='lat' dir='ltr'><strong>Sex.</strong></span> <span class='ocrx_word' id='word_1_191' title='bbox 747 2918 1030 2980; x_wconf 81' lang='lat' dir='ltr'><strong>Pompeius</strong></span> <span class='ocrx_word' id='word_1_192' title='bbox 1067 2931 1258 2969; x_wconf 83' lang='lat' dir='ltr'><strong>rursus</strong></span> <span class='ocrx_word' id='word_1_193' title='bbox 1292 2919 1603 2970; x_wconf 80' lang='lat' dir='ltr'><strong>latrociniis</strong></span> <span class='ocrx_word' id='word_1_194' title='bbox 1634 2931 1785 2970; x_wconf 86' lang='lat' dir='ltr'><strong>mare</strong></span> <span class='ocrx_word' id='word_1_195' title='bbox 1820 2920 2077 2971; x_wconf 74' lang='lat' dir='ltr'><strong>infestum</strong></span> 
     </span>
     <span class='ocr_line' id='line_1_29' title="bbox 322 3003 2076 3070; baseline 0.003 -17"><span class='ocrx_word' id='word_1_196' title='bbox 322 3003 604 3069; x_wconf 82' lang='lat' dir='ltr'><strong>redderet,</strong></span> <span class='ocrx_word' id='word_1_197' title='bbox 645 3017 752 3056; x_wconf 86' lang='lat' dir='ltr'><strong>nec</strong></span> <span class='ocrx_word' id='word_1_198' title='bbox 786 3017 978 3068; x_wconf 82' lang='lat' dir='ltr'><strong>pacem</strong></span> <span class='ocrx_word' id='word_1_199' title='bbox 1013 3018 1172 3068; x_wconf 79' lang='lat' dir='ltr'><strong>quam</strong></span> <span class='ocrx_word' id='word_1_200' title='bbox 1207 3011 1507 3070; x_wconf 82' lang='lat' dir='ltr'><strong>acceperat</strong></span> <span class='ocrx_word' id='word_1_201' title='bbox 1542 3011 1881 3070; x_wconf 72' lang='lat' dir='ltr'><strong>praestaret,</strong></span> <span class='ocrx_word' id='word_1_202' title='bbox 1932 3008 2076 3060; x_wconf 82' lang='lat' dir='ltr'><strong>Cae-</strong></span> 
     </span>
    </p>
   </div>
   <div class='ocr_carea' id='block_1_11' title="bbox 324 3123 714 3138">
    <p class='ocr_par' dir='ltr' id='par_1_12' title="bbox 324 3123 714 3138">
     <span class='ocr_line' id='line_1_30' title="bbox 324 3123 714 3138; baseline 0 787"><span class='ocrx_word' id='word_1_203' title='bbox 324 3123 714 3138; x_wconf 95' lang='lat' dir='ltr'><strong> </strong></span> 
     </span>
    </p>
   </div>
   <div class='ocr_carea' id='block_1_12' title="bbox 320 3188 2079 3374">
    <p class='ocr_par' dir='ltr' id='par_1_13' title="bbox 320 3188 2079 3374">
     <span class='ocr_line' id='line_1_31' title="bbox 422 3188 2078 3244; baseline 0.005 -19"><span class='ocrx_word' id='word_1_204' title='bbox 422 3189 483 3227; x_wconf 74' lang='lat'><strong>14.</strong></span> <span class='ocrx_word' id='word_1_205' title='bbox 522 3188 694 3229; x_wconf 75' lang='lat' dir='ltr'><strong>Videtur</strong></span> <span class='ocrx_word' id='word_1_206' title='bbox 728 3192 808 3242; x_wconf 69' lang='lat' dir='ltr'><strong>leg.</strong></span> <span class='ocrx_word' id='word_1_207' title='bbox 839 3205 890 3232; x_wconf 82' lang='lat' dir='ltr'><strong>ex</strong></span> <span class='ocrx_word' id='word_1_208' title='bbox 925 3199 1041 3244; x_wconf 73' lang='lat' dir='ltr'><strong>puio</strong></span> <span class='ocrx_word' id='word_1_209' title='bbox 1077 3205 1168 3232; x_wconf 82' lang='lat' dir='ltr'><strong>cum</strong></span> <span class='ocrx_word' id='word_1_210' title='bbox 1193 3195 1391 3233; x_wconf 78' lang='lat' dir='ltr'><strong>Dukero:</strong></span> <span class='ocrx_word' id='word_1_211' title='bbox 1432 3206 1553 3234; x_wconf 69' lang='lat' dir='ltr'><strong>nea-ore</strong></span> <span class='ocrx_word' id='word_1_212' title='bbox 1577 3194 1722 3236; x_wconf 61' lang='lat' dir='ltr'><strong>Fulvia</strong></span> <span class='ocrx_word' id='word_1_213' title='bbox 1757 3196 1933 3239; x_wconf 71' lang='lat' dir='ltr'><strong>minna,</strong></span> <span class='ocrx_word' id='word_1_214' title='bbox 1975 3203 2078 3241; x_wconf 71' lang='lat' dir='ltr'><strong>quae</strong></span> 
     </span>
     <span class='ocr_line' id='line_1_32' title="bbox 320 3255 2079 3364; baseline 0.003 -70"><span class='ocrx_word' id='word_1_215' title='bbox 320 3255 555 3295; x_wconf 72' lang='lat' dir='ltr'><strong>concordiae</strong></span> <span class='ocrx_word' id='word_1_216' title='bbox 563 3257 726 3364; x_wconf 44' lang='lat' dir='ltr'><strong>&amp;aa</strong></span> <span class='ocrx_word' id='word_1_217' title='bbox 758 3259 977 3302; x_wconf 63' lang='lat' dir='ltr'><strong>obtestor-e.</strong></span> <span class='ocrx_word' id='word_1_218' title='bbox 1039 3261 1116 3302; x_wconf 78' lang='lat' dir='ltr'><strong>me</strong></span> <span class='ocrx_word' id='word_1_219' title='bbox 1151 3261 1329 3302; x_wconf 72' lang='lat' dir='ltr'><strong>malebat</strong></span> <span class='ocrx_word' id='word_1_220' title='bbox 1362 3261 1566 3309; x_wconf 70' lang='lat' dir='ltr'><strong>obstabat,</strong></span> <span class='ocrx_word' id='word_1_221' title='bbox 1608 3274 1683 3313; x_wconf 67' lang='lat' dir='ltr'><strong>ego</strong></span> <span class='ocrx_word' id='word_1_222' title='bbox 1718 3259 2079 3312; x_wconf 65' lang='lat' dir='ltr'><strong>plusquamperfe-</strong></span> 
     </span>
     <span class='ocr_line' id='line_1_33' title="bbox 321 3332 666 3374; baseline 0 -10"><span class='ocrx_word' id='word_1_223' title='bbox 321 3332 430 3364; x_wconf 70' lang='lat' dir='ltr'><strong>ctum</strong></span> <span class='ocrx_word' id='word_1_224' title='bbox 461 3335 560 3374; x_wconf 73' lang='lat' dir='ltr'><strong>prae</strong></span> <span class='ocrx_word' id='word_1_225' title='bbox 655 3355 666 3364; x_wconf 82' lang='lat'><strong>.</strong></span> 
     </span>
    </p>
   </div>
   <div class='ocr_carea' id='block_1_13' title="bbox 2484 1977 2488 2499">
    <p class='ocr_par' dir='ltr' id='par_1_14' title="bbox 2484 1977 2488 2499">
     <span class='ocr_line' id='line_1_34' title="bbox 2484 1977 2488 2499; baseline 0 0"><span class='ocrx_word' id='word_1_226' title='bbox 2484 1977 2488 2499; x_wconf 95' lang='lat' dir='ltr'><strong> </strong></span> 
     </span>
    </p>
   </div>
  </div>
 </body>
</html>
