2525 3925
883 322 1254 399 nicaenum
1288 344 1446 398 cxc.
1928 348 2033 401 sm

291 494 492 545 senatu
538 492 764 559 legatis,
819 495 910 557 qui
955 495 1206 545 iuberent
1252 496 1323 545 ab
1370 493 1651 545 obsidione
1696 496 1835 546 socii
1882 498 2033 562 regis

293 584 619 648 absisteret,
677 583 944 645 editisque
991 582 1262 634 mandatis
1318 584 1779 635 consideraturum
1824 598 1887 635 se
1934 585 2035 639 ille

295 670 428 736 qnid
463 671 770 722 faciendum
801 674 948 722 esset
978 673 1371 736 respondisset,
1414 683 1553 723 unus
1588 682 1657 721 ex
1690 672 1891 737 legatis
1926 676 2034 725 Po-

293 760 488 823 pillius
520 762 684 824 virga
716 770 907 824 regem
945 763 1388 825 circumscripsit,
1424 762 1710 830 iussitque,
1742 764 2033 825 antequam

291 848 508 899 circulo
531 849 837 911 excederet,
871 861 1189 912 responsum
1213 850 1387 900 daret.
1459 847 1580 914 Qua
1614 853 1909 914 asperitate
1944 848 2073 901 αι’-5

291 938 448 1000 fecit,
491 938 550 987 ut
583 937 884 988 Antiochus
917 938 1120 989 beilum
1163 940 1453 989 omitteret.
1526 940 1857 1005 Legationes
1899 952 2033 1005 gra-

295 1025 583 1077 tulantium
631 1027 954 1089 populorum
1007 1040 1074 1079 ac
1127 1038 1316 1092 regum
1365 1029 1423 1077 in
1467 1032 1714 1079 senatum
1748 1030 2033 1092 admissae,

293 1114 657 1183 Rhodiorum,
711 1117 843 1178 quia
881 1128 950 1166 eo
995 1116 1143 1165 bello
1191 1119 1387 1166 contra
1433 1118 1689 1180 populum
1738 1118 2035 1169 Romanum

289 1204 568 1270 faverant,
603 1202 845 1255 exclusa.
914 1205 1141 1255 Postero
1165 1204 1254 1255 die
1288 1218 1410 1255 cum
1446 1205 1515 1255 de
1552 1218 1621 1257 eo
1656 1209 2035 1269 quaereretur,

295 1297 360 1342 ut
406 1293 478 1342 iis
527 1291 726 1341 bellum
779 1294 1140 1355 indiceretur,
1202 1306 1426 1343 causam
1474 1296 1531 1343 in
1578 1300 1771 1345 senatu
1818 1296 2031 1356 patriae
2046 1292 2112 1345 10

291 1391 432 1431 snae
479 1380 650 1443 iegati
695 1384 940 1445 egerunt.
1009 1381 1128 1432 Nec
1178 1385 1453 1445 tamquam
1508 1383 1693 1433 hostes
1739 1379 1861 1433 nec'
1894 1386 2035 1434 tam-

293 1480 460 1533 quam
497 1470 636 1519 socii
683 1470 906 1521 dimissi.
976 1470 1302 1520 Macedonia
1345 1472 1399 1519 in
1446 1472 1767 1533 provinciae
1810 1474 2036 1522 formam

208 1558 522 1613 senedacta
557 1559 657 1608 est.
727 1558 992 1609 Aemilius
1030 1558 1271 1626 Paullus,
1316 1560 1745 1623 repugnantibus
1778 1559 2037 1610 militibus

293 1648 470 1709 ipsius
505 1650 731 1709 propter
765 1648 1026 1697 minorem
1063 1648 1338 1710 praedam,
1375 1652 1433 1697 et
1470 1650 1879 1698 contradicente
1912 1650 2036 1697 Ser.

289 1734 542 1797 Sulpicio
571 1734 769 1802 Galba,
803 1738 1173 1800 triumphavit,
1205 1739 1266 1786 et
1299 1735 1505 1786 Persen
1538 1748 1659 1786 cum
1695 1737 1868 1786 tribus
1903 1735 2032 1787 illlis
2046 1732 2110 1785 15

291 1828 428 1875 ante
473 1836 690 1875 currum
739 1827 906 1882 duxit.
979 1823 1148 1875 cuius
1187 1824 1445 1886 triumphi
1484 1823 1697 1874 laetitia
1740 1836 1813 1874 ne
1860 1824 2039 1875 solida

291 1914 349 1964 ei
377 1914 740 1982 contingeret,
776 1914 1002 1967 duorum
1037 1914 1274 1966 filiorum
1309 1911 1591 1965 funeribus
1622 1914 1887 1977 insignita
1918 1917 2037 1979 est3

289 2015 525 2069 quorum
560 2004 789 2056 alterius
823 2017 974 2056 mors
1007 2006 1182 2067 patris
1217 2004 1543 2066 triumphum
1580 2003 1913 2067 praecessit,
1950 2003 2040 2054 al-

293 2095 474 2144 terius
508 2100 700 2145 secuta
734 2096 836 2146 est.
907 2095 1161 2144 Lustrum
1197 2091 1473 2142 conditum
1506 2095 1594 2142 est
1626 2105 1661 2142 a
1688 2093 2037 2144 censoribus:

293 2194 467 2234 censa
499 2187 624 2233 sunt
659 2184 861 2234 civium
909 2183 1092 2246 capita
1136 2186 1387 2233 trecenta
1426 2181 1715 2232 duodecim
1752 2181 1905 2232 milia
1936 2193 2035 2232 oc·
2048 2173 2117 2227 20

295 2271 547 2336 ungenta
599 2274 855 2336 quinque.
924 2272 1148 2322 Prusias
1197 2271 1485 2334 Bithyniae
1532 2285 1635 2322 rex
1678 2273 1930 2335 Romam,
1982 2275 2041 2322 ut

293 2361 516 2412 senatui
556 2361 933 2424 gratularetur
984 2360 1052 2410 ob
1102 2361 1395 2410 victoriam
1435 2373 1504 2410 ex
1541 2358 1866 2409 Macedonia
1909 2371 2041 2421 par-

295 2455 430 2517 tam,
466 2451 636 2514 venit,
681 2452 740 2498 et
773 2448 1130 2500 Nicomedem
1167 2447 1341 2498 illium
1376 2449 1591 2499 senatui
1628 2447 2037 2499 commendavit.

295 2539 420 2590 Rex
477 2538 672 2601 plenus
725 2537 1056 2589 adulationis
1117 2537 1379 2589 libertum
1441 2550 1505 2588 se
1569 2535 1754 2600 populi
1810 2536 2039 2587 Romani

299 2629 531 2680 dicebat.

943 2764 1178 2818 mter
1224 2766 1416 2818 xnv1.
1586 2747 1589 2752 ’
2053 2749 2118 2816 23

409 2885 683 2936 Eumenes
726 2897 826 2936 rex
868 2887 1099 2936 Romam
1142 2885 1297 2933 venit
1313 2898 1332 2948 3
1387 2885 1480 2946 qui
1524 2883 1650 2945 quia
1684 2881 2041 2932 Macedonico

303 2975 451 3027 bello
499 2975 727 3026 medium
777 2977 1000 3043 egerat,
1050 2985 1120 3024 ne
1168 2976 1264 3023 aut
1302 2973 1473 3022 hostis
1511 2970 1781 3021 iudicatus
1816 2971 2040 3021 videre-

305 3069 414 3129 tur,
450 3065 500 3115 si
536 3064 794 3115 exclusus
829 3069 1002 3129 esset,
1051 3065 1146 3113 aut
1177 3061 1443 3113 liberatus
1480 3061 1730 3124 crimine,
1766 3061 1817 3109 si
1848 3059 2046 3110 admit-

405 3290 468 3331 12.
508 3289 784 3341 Macedonia]
821 3317 854 3339 „
865 3289 958 3328 Non
991 3294 1089 3328 tunc
1099 3317 1113 3338 ‚
1155 3288 1227 3328 sed
1265 3292 1364 3340 post
1396 3287 1602 3326 devictum
1635 3284 2044 3340 Pseudophilippum.

303 3361 431 3402 Bri-or
454 3365 520 3400 est
543 3358 772 3400 auctoris.’‘
821 3360 1074 3400 eno-onus.
