2525 3925
574 324 972 381 oaA'noNEs
1014 326 1103 375 ET
1138 324 1545 377 Eris'rOLAE.
1827 326 1892 377 1¹7
1901 326 1926 375 1

165 469 335 520 aliud
362 472 533 533 atque
558 470 848 536 Hannibal,
870 471 1026 520 nobis
1053 472 1412 533 opportunius
1436 470 1688 532 patefeci.
1722 472 1927 533 Recepi

170 557 447 623 Galliam,
484 560 845 621 Pyrenaeum,
885 560 1255 623 Lacetaniam,
1297 559 1580 621 Indigetis5
1613 563 1670 607 et
1703 560 1928 619 primum

168 648 435 707 inpetum
470 648 681 697 Sertori
718 648 945 696 victoris
986 648 1143 697 novis
1192 646 1455 695 militibus
1493 649 1550 695 et
1583 645 1754 695 multo
1790 658 1929 707 pau-

172 735 431 785 cioribus
473 734 709 784 sustinui
754 720 1085 795 hiememque
1128 735 1328 783 castris
1375 736 1519 783 inter
1563 734 1929 782 saevissumos

168 822 387 885 hostis,
440 833 549 870 non
598 834 698 883 per
744 821 940 883 oppida
985 832 1157 882 neque
1202 834 1272 870 ex
1317 821 1610 870 ambitione
1660 832 1779 868 mea
1818 821 1968 881 egi.5

171 906 325 972 Quid
365 908 563 959 deinde
610 908 821 971 proelia
855 911 949 959 aut
988 910 1364 969 expeditiones
1405 909 1687 969 hibernas,
1733 908 1930 967 oppida

171 999 373 1046 excisa
421 1000 517 1046 aut
563 1000 787 1058 recepta
832 1009 1133 1047 enumerem
1154 989 1183 1044 ‘3
1236 996 1448 1059 quando
1486 1008 1578 1044 res
1621 995 1744 1057 plus
1778 994 1932 1045 valet

173 1098 341 1146 quam
385 1084 570 1135 verba.
642 1082 836 1135 Castra
882 1085 1115 1135 hostium
1157 1084 1298 1147 apud
1343 1086 1644 1135 Sucronem
1680 1086 1843 1144 capta
1876 1084 1932 1131 et

172 1172 454 1234 proelium
489 1174 631 1233 apud
664 1175 858 1222 flumen
893 1174 1111 1223 'furiam
1146 1175 1203 1221 et
1238 1171 1346 1221 dux
1381 1173 1612 1220 hostium
1640 1167 1932 1219 &Hei-en*

174 1262 302 1310 nius
343 1272 475 1309 cum
522 1263 655 1312 urbe
696 1262 955 1311 Valentia
1004 1266 1062 1309 et
1105 1262 1352 1310 exercitu
1390 1259 1555 1308 deleti
1594 1260 1729 1309 satis
1775 1257 1928 1307 clara
1943 1258 2009 1309 10

176 1347 342 1397 vobis
382 1350 539 1396 sunt:
595 1360 695 1408 pro
731 1350 881 1409 quis,
927 1361 960 1396 o
996 1349 1141 1409 grati
1173 1352 1379 1412 patres,
1415 1349 1716 1409 egestatem
1755 1348 1812 1395 et
1843 1347 1934 1395 fa-

176 1447 320 1485 mem
374 1434 614 1485 redditis,
706 1438 897 1497 Itaque
946 1448 1067 1484 meo
1120 1440 1177 1485 et
1231 1436 1465 1485 hostium
1519 1435 1784 1483 exercitui
1834 1445 1935 1494 par

178 1523 438 1573 condicio
476 1525 561 1571 est
573 1537 591 1585 3
648 1535 877 1584 namque
916 1525 1247 1584 stipendium
1291 1524 1472 1572 neutri
1510 1522 1695 1573 datur:
1752 1522 1936 1571 victor

180 1614 412 1673 uterque
435 1612 491 1659 in
516 1610 731 1659 ltaliam
767 1612 958 1661 venire
995 1615 1189 1671 potest.
1263 1607 1421 1673 Quod
1458 1623 1562 1673 ego
1601 1622 1702 1659 vos
1735 1622 1932 1659 moneo

182 1711 504 1761 quaesoque
544 1701 603 1748 ut
642 1700 1119 1765 animadvortatis,
1166 1711 1271 1747 neu
1318 1700 1532 1760 cogatis
1577 1698 1926 1746 necessitati·
1943 1699 2006 1749 15

179 1789 279 1838 bus
340 1788 631 1848 privatim.
660 1788 789 1835 mihi
842 1786 1147 1836 consulere.
1231 1787 1548 1846 Hispaniam
1605 1784 1932 1847 citeriorem,

180 1886 321 1937 quae
359 1886 468 1924 non
504 1878 572 1925 ab
610 1875 852 1923 hostibus
886 1876 1119 1940 tenetur,
1157 1886 1261 1922 nos
1297 1876 1393 1922 aut
1427 1873 1704 1921 Sertorius
1739 1872 1808 1919 ad
1843 1872 1933 1919 in-

182 1964 562 2014 ternecionem
613 1965 957 2013 vastavimus
1014 1965 1234 2024 praeter
1287 1960 1601 2010 maritumas
1656 1959 1934 2028 civitates,

182 2052 329 2103 ultro
380 2053 537 2102 nobis
586 2053 824 2112 sumptui
870 2053 1147 2113 onerique.
1222 2048 1409 2100 Gallia
1455 2049 1744 2110 superiore
1790 2059 1934 2098 anno

184 2140 405 2190 Metelli
438 2141 741 2189 exercitum
774 2140 1043 2202 stipendio
1079 2141 1468 2200 frumentoque
1505 2136 1661 2203 aluit,
1697 2138 1754 2185 et
1787 2146 1931 2184 nunc
1943 2136 2012 2188 2⁰

184 2229 347 2280 malis
384 2228 652 2278 fructibus
692 2230 811 2290 ipsa
844 2229 941 2276 vix
970 2229 1164 2290 agitat.
1235 2225 1354 2290 Ego
1391 2237 1499 2274 non
1539 2236 1660 2274 rem
1693 2223 1938 2273 familia-

186 2329 303 2368 rem
338 2317 519 2378 modo,
555 2328 751 2366 verum
784 2317 948 2365 etiam
982 2315 1139 2364 fidem
1176 2315 1503 2376 consumpsi.
1574 2311 1798 2374 Reliqui
1833 2323 1936 2360 vos

188 2407 356 2468 estis3
416 2405 511 2466 qui
560 2405 667 2452 nisi
714 2405 1043 2466 subvenitis,
1104 2404 1281 2450 invito
1330 2405 1387 2450 et
1434 2401 1789 2461 praedicente
1832 2409 1938 2462 me,

188 2495 468 2544 exercitus
516 2493 641 2540 hinc
686 2492 744 2542 et
786 2501 914 2540 cum
960 2502 1030 2542 eo
1080 2500 1237 2539 omne
1287 2487 1488 2540 bellum
1532 2487 1831 2550 Hispaniae
1877 2486 1938 2534 in

185 2579 405 2630 Italiam
446 2571 944 2642 transgredientur.
1945 2573 2011 2624 25

284 2786 327 2824 1.
366 2783 471 2822 aliut
495 2783 541 2822 V.
570 2804 615 2816 -—
650 2781 831 2822 Annibal
862 2781 911 2820 V.
948 2801 996 2812 —
1044 2781 1085 2820 ἱ.
1120 2777 1408 2828 Lunensem]
1432 2778 1486 2816 V.
1507 2775 1776 2816 -lestuns’aem
1800 2775 1852 2815 G.
1891 2793 1942 2804 —

188 2853 225 2892 4,
252 2851 429 2902 cassis]
454 2852 504 2892 V.
530 2854 573 2890 in
596 2856 743 2892 eastris
768 2852 819 2890 G.
848 2870 896 2878 -
947 2850 988 2888 9.
1022 2847 1215 2898 ruriam]
1251 2860 1304 2886 ex
1337 2847 1534 2886 historiae
1563 2845 1646 2883 fide
1673 2843 1939 2888 ciacconius,

192 2918 381 2968 Ursinus,
407 2921 672 2970 Bongsrsius.
725 2919 901 2958 Durium
924 2916 975 2956 V.
1006 2917 1185 2956 eortius.
1216 2936 1264 2944 -
1301 2915 1364 2956 19.
1393 2913 1523 2964 ultro]
1548 2913 1596 2952 V.
1634 2924 1734 2964 quae
1759 2911 1860 2951 ultro
1887 2911 1936 2950 G.
