2525 3925
560 339 669 390 242
1101 337 1468 392 Bormum
1499 339 1560 390 Τ.
1597 339 1778 390 ΒΠἿῙ

1208 487 1254 535 L
1273 488 1294 535 i
1317 489 1350 537 h
1367 499 1400 536 e
1416 499 1447 537 r
1493 486 1644 537 XVI.

665 605 833 671 Origo
882 604 1419 670 Karthaginiensium
1471 607 1527 654 et
1573 603 1871 666 primordia
1920 604 2072 655 urbis
2119 615 2308 653 eorum

491 733 496 740 .
564 696 871 746 referuntur
889 710 909 759 ;
948 700 1142 746 contra
1178 706 1311 756 quos
1343 697 1400 742 et
1425 694 1720 742 Hieronem
1756 703 1948 755 regem
1984 692 2382 755 Syracusa-:iso

563 798 749 835 norum
788 783 1051 835 auxilium
1090 783 1428 832 Mamertinis
1477 781 1757 832 ferendum
1795 783 2010 832 censuit
2057 786 2314 848 senatus,

521 877 682 925 5cum
725 873 792 924 de
826 885 893 922 ea
930 883 993 922 re
1028 875 1173 922 inter
1210 870 1519 933 suadentes,
1571 874 1629 920 ut
1666 871 1718 919 id
1756 869 1930 935 fleret,
1977 869 2310 922 dissuaden-

560 967 756 1027 tesque
812 961 1087 1012 contentio
1148 960 1359 1010 fuisset.
1447 959 1831 1024 Transgressis
1891 961 2006 1009 tum
2063 960 2308 1021 primum

560 1065 709 1103 mare
761 1051 1028 1114 equitibus
1080 1050 1371 1110 Romnum,
1425 1049 1688 1098 adversus
1737 1049 2035 1097 Hieronem
2085 1049 2311 1110 saepius

560 1145 699 1192 bene
732 1143 1046 1204 pugnatum.
1100 1137 1312 1187 Petenti
1351 1151 1458 1200 pax
1489 1137 1616 1186 data
1643 1140 1744 1187 est.
1801 1137 2059 1186 Lustrum
2101 1149 2139 1186 a
2178 1139 2372 1186 cen-4⁹¹

560 1229 774 1279 soribus
812 1227 1084 1277 conditum
1118 1229 1237 1276 est:
1281 1237 1449 1276 censa
1472 1229 1598 1274 sunt
1623 1225 1827 1275 civium
1855 1227 2041 1286 capita
2067 1225 2312 1274 ducenta

486 1313 550 1363 10
564 1317 848 1380 octoginta
892 1317 997 1365 duo
1046 1314 1201 1365 milia
1235 1315 1470 1364 ducenta
1505 1315 1734 1378 triginta
1767 1317 2040 1376 quattuor.
2113 1313 2182 1362 D.
2221 1315 2374 1362 lu-sw

558 1407 680 1455 nius
726 1407 920 1456 Brutus
970 1416 1161 1454 munus
1213 1404 1600 1468 gladiatorium
1644 1403 1702 1451 in
1750 1403 2008 1452 honorem
2055 1402 2310 1452 defuncti

559 1496 729 1557 patris
784 1493 954 1544 edidit
1005 1495 1223 1556 primus.
1315 1489 1546 1542 Colonia
1596 1492 1864 1541 Aesernia
1913 1489 2155 1540 deducta
2213 1495 2309 1542 est.

558 1585 669 1633 Res
728 1585 1015 1646 praeterea
1070 1585 1260 1633 contra
1312 1582 1527 1632 Poenos
1580 1583 1636 1631 et
1691 1578 1978 1632 Vulsinios
2045 1591 2310 1642 prospere

559 1676 747 1736 gestas
794 1674 1056 1723 continet:

486 1862 547 1911 15
1206 1855 1440 1905 Liber
1487 1855 1662 1906 xvu.

671 1974 767 2027 Cn.
804 1974 1095 2028 Cornelius
1136 1975 1328 2026 consul
1365 1988 1399 2025 a
1441 1975 1618 2026 classe
1651 1975 1856 2025 Punica
1893 1974 2366 2025 circumventum,

562 2071 617 2117 et
652 2079 750 2128 per
781 2066 1026 2117 fraudem
1064 2066 1214 2115 velut
1249 2066 1305 2113 in
1341 2064 1670 2127 colloquium
1695 2068 1956 2113 evocatus
1983 2068 2180 2127 captus
2205 2070 2300 2113 est.

571 2152 627 2203 C.
652 2155 864 2205 Duilius
898 2153 1091 2205 consul
1127 2154 1390 2203 adversus
1429 2152 1658 2201 classem
1695 2152 2004 2202 Poenorum
2045 2166 2304 2216 prospere

563 2246 844 2306 pugnavit,
877 2245 1189 2305 primusque
1225 2242 1460 2289 omnium
1495 2242 1856 2291 Romanorum
1896 2240 2094 2291 ducum
2130 2256 2304 2292 nava-

487 2332 635 2383 zolis
671 2333 939 2382 victoriae
975 2332 1129 2380 duxit
1165 2331 1508 2391 triumphum,
1545 2331 1613 2379 ob
1650 2342 1809 2392 quam
1839 2343 2058 2380 causam
2089 2334 2144 2380 ei
2175 2346 2303 2394 per-

559 2425 754 2482 petuus
792 2422 959 2470 honos
994 2420 1209 2469 habitus
1245 2423 1357 2479 est,
1406 2422 1466 2468 nt
1499 2420 1806 2469 revertenti
1841 2432 1874 2467 a
1911 2431 2118 2479 coena,
2173 2423 2304 2470 tibi-

558 2510 683 2559 cine
730 2512 989 2572 canente,
1043 2506 1231 2557 funale
1270 2510 1658 2569 praeferretur.
1729 2509 1794 2558 L.
1830 2505 2124 2559 Cornelius
2167 2521 2370 2557 con-⁴⁹3

556 2598 645 2647 sul
692 2600 747 2647 in
784 2598 1037 2647 Sardinia
1078 2599 1136 2646 et
1172 2594 1402 2647 Corsica
1437 2598 1632 2646 contra
1667 2596 1872 2647 Sardos
1908 2600 1965 2646 et
2004 2594 2216 2647 Corsos
2253 2602 2306 2648 et

558 2687 877 2738 Hannonem
913 2686 1211 2736 Poenorum
1248 2686 1438 2735 ducem
1471 2683 1712 2735 feliciter
1744 2686 2024 2749 pugnavit.
2095 2687 2374 2738 Atiliuszsss

482 2775 545 2825 25
562 2772 845 2827 Calatinus
881 2774 1089 2838 consul,
1134 2784 1259 2823 cum
1297 2773 1352 2821 in
1390 2771 1570 2825 locum
1607 2776 1848 2839 iniquum
1885 2787 1919 2826 a
1952 2775 2156 2825 Poenis
2191 2778 2305 2825 cir-

558 2874 888 2913 cumsessum
943 2867 1145 2913 temere
1192 2862 1437 2913 duxisset
1497 2866 1826 2928 exercitum,
1889 2864 1962 2913 M.
2015 2862 2304 2927 Calpurnii

558 2950 759 2999 tribuni
783 2952 1009 3003 rnilitum
1042 2954 1249 3003 virtute
1285 2957 1342 3003 et
1377 2965 1546 3015 opera
1581 2954 1776 3015 evasit,
1811 2954 2046 3015 quicum
2079 2959 2304 3004 trecen-

558 3038 629 3087 tis
676 3038 938 3091 militibus
975 3043 1260 3105 eruptione
1301 3042 1452 3093 facta
1493 3043 1680 3093 hostes
1724 3044 1779 3091 in
1826 3053 1888 3093 se
1931 3048 2302 3093 converterat.

556 3126 827 3177 Hannibal
878 3129 985 3179 dux
1020 3130 1320 3183 Poenorum
1357 3132 1508 3181 victa
1541 3129 1720 3181 classe
1757 3132 1846 3183 cni
1891 3133 2234 3199 praefuerat,
2271 3148 2304 3183 a

652 3342 714 3383 28.
754 3342 821 3384 M.
850 3340 1089 3393 calpen-nis]
1124 3345 1252 3384 Immo
1279 3345 1342 3384 M.
1371 3344 1546 3383 Cornelii
1571 3344 1784 3384 Flammae.

515 3893 603 3896 --
710 3893 809 3896 Ᾰ-
835 3763 1187 3897 em
