2525 3925
633 335 924 388 BELLUM
961 335 1480 388 wGUR'rmNUM.
1830 334 1931 385 1⁰1

172 486 480 547 intentique
533 476 755 534 obviam
806 484 1121 544 procedunt.
1192 483 1331 532 Nam
1382 480 1539 532 dolus
1576 481 1934 532 Numidarum

172 574 312 623 nibil
353 572 601 637 languidi
636 584 814 633 neque
849 574 1064 625 remissi
1100 573 1429 633 patiebatur.
1493 573 1575 620 Ac
1610 574 1799 635 primo,
1832 572 1931 620 ob-

179 675 351 712 scura
376 666 556 727 nocte,
590 665 874 723 postquam
898 661 1036 710 haud
1068 661 1264 722 procul
1298 661 1446 710 inter
1481 672 1543 708 se
1578 664 1751 723 erant,
1786 663 1932 719 stre-

176 754 330 815 pitu,
368 750 523 800 velut
562 751 775 810 hostes,
812 749 1110 799 adventare
1133 783 1150 816 ,
1190 749 1353 799 alteri
1394 749 1536 810 apud
1574 750 1779 799 alteros
1810 748 1931 797 for-

176 839 436 889 midinem
473 837 634 888 simul
673 824 728 886 et
762 837 1046 887 tumultum
1070 838 1276 902 facere,
1314 843 1369 886 et
1392 850 1563 899 paene
1587 836 1972 899 inprudentia5

175 929 472 976 admissum
497 928 710 976 facinus
735 927 1065 988 miserabile,
1091 928 1148 975 ni
1170 928 1439 988 utrimque
1464 928 1749 988 praemissi
1771 928 1930 987 equi-

174 1021 265 1064 tes
301 1028 419 1064 rem
456 1014 914 1076 exploravissent.
985 1017 1161 1078 Igitur
1201 1027 1299 1077 pro
1341 1019 1484 1064 metu
1526 1020 1751 1076 repente
1787 1026 1927 1079 gau-

173 1104 327 1152 dium
355 1106 624 1166 exortum,
660 1102 863 1152 milites
905 1103 1046 1152 alius
1089 1103 1254 1152 alium
1291 1102 1423 1153 laeti
1468 1102 1766 1168 adpellant,
1800 1103 1928 1150 acta

170 1183 414 1242 edocent
465 1194 630 1254 atque
687 1192 945 1254 audiunt,
996 1204 1099 1240 sua
1151 1193 1382 1252 quisque
1434 1192 1603 1241 fortia
1656 1193 1803 1240 sacta
1855 1188 1926 1238 ad

168 1280 394 1329 caelum
431 1280 554 1340 fert.
627 1275 839 1342 Quippe
887 1292 975 1328 res
1012 1281 1274 1328 humanae
1308 1282 1388 1329 ita
1422 1293 1546 1330 sese
1580 1280 1804 1328 babent:
1862 1279 2001 1333 in1o

165 1369 411 1419 victoria
451 1368 541 1417 vel
575 1369 809 1432 ignavis.
828 1367 1059 1433 gloriari
1103 1367 1266 1435 licet,
1322 1368 1590 1418 advorsae
1626 1380 1717 1418 res
1754 1368 1919 1417 etlam

171 1459 350 1508 bonos
385 1458 708 1507 detractant.

276 1544 369 1594 5⁴1.
432 1545 690 1596 Metellus
747 1545 808 1597 in
857 1545 1028 1596 isdem
1085 1550 1283 1597 castris
1320 1549 1609 1611 quatriduo
1661 1549 1924 1612 moratus,

166 1635 394 1685 saucios
433 1646 554 1684 cum
590 1646 722 1684 cura
757 1635 962 1701 reiicit,
1017 1638 1240 1686 meritos
1275 1638 1333 1685 in
1368 1637 1595 1699 proeliis
1633 1648 1785 1685 more
1819 1636 1923 1683 mi·

163 1724 329 1773 litiae
371 1724 562 1786 donat,
618 1725 908 1773 univorsos
955 1725 1012 1772 in
1062 1726 1315 1774 contione
1364 1724 1555 1774 laudat
1601 1728 1768 1786 atque
1802 1724 1918 1785 agit
1935 1725 1996 1775 15

160 1813 382 1874 gratias
394 1825 412 1873 3
473 1808 724 1861 bortatur
770 1812 838 1860 ad
890 1815 1109 1876 cetera,
1167 1825 1305 1875 quae
1340 1813 1491 1862 levia
1526 1814 1684 1877 sunt,
1737 1823 1924 1872 parem

162 1901 404 1952 animum
462 1902 660 1963 gerant
672 1913 691 1963 3
744 1912 844 1960 pro
884 1902 1119 1950 victoria
1152 1903 1291 1950 satis
1326 1903 1432 1951 iam
1470 1903 1793 1965 pugnatum,
1830 1910 1925 1948 re-

160 1991 348 2052 liquos
385 1989 607 2039 labores
642 2002 742 2051 pro
778 1991 1153 2051 praeda-fore.
1225 1992 1430 2040 Tamen
1472 1992 1689 2039 interim
1738 1992 1922 2039 trans-

158 2078 330 2142 fugas
369 2080 426 2127 et
462 2078 606 2129 alios
656 2082 1023 2144 opportunoS,
1081 2079 1346 2142 Iugurtha
1394 2081 1484 2130 ubi
1532 2078 1777 2141 gentium
1825 2081 1921 2126 aut

162 2165 303 2228 quid
328 2168 584 2231 agitaret,
625 2180 750 2217 cum
776 2170 1038 2230 paucisne
1060 2173 1222 2230 esset,
1259 2180 1331 2216 an
1356 2169 1654 2217 exercitum
1679 2167 1997 2231 baberet,20

161 2259 230 2305 ut
266 2266 390 2303 sese
421 2256 601 2304 victus
635 2259 885 2322 gereret,
941 2256 1281 2318 exploratum
1326 2258 1488 2306 misit.
1558 2258 1633 2305 At
1666 2254 1763 2303 ille
1795 2264 1919 2303 sese

158 2344 225 2390 in
274 2342 401 2391 loca
447 2342 695 2394 saltuosa
744 2348 803 2393 et
850 2348 1048 2395 natura
1100 2346 1310 2394 munit-a
1363 2346 1683 2409 receperat,
1734 2344 1919 2404 ibique

161 2432 406 2491 cogebat
457 2431 753 2479 exercitum
814 2444 1037 2482 numero
1090 2433 1363 2480 hominum
1414 2432 1766 2497 ampliorem,
1822 2431 1920 2480 sed

162 2515 416 2566 hebetem
440 2516 838 2584 infirmumque,
875 2520 1000 2581 agri
1040 2529 1106 2567 ac
1145 2519 1361 2578 pecoris
1398 2521 1570 2580 magis
1596 2532 1756 2581 quam
1782 2518 1917 2569 belli

161 2602 450 2656 cultorem.
523 2603 587 2651 Id
623 2616 690 2653 ea
718 2608 902 2667 gratia
935 2606 1252 2671 eveniebat,
1296 2607 1436 2667 quod
1474 2608 1697 2666 praeter
1731 2607 1913 2667 regios
1927 2612 1993 2663 25

161 2694 386 2755 equites
422 2703 578 2742 nemo
614 2693 855 2740 omnium
876 2693 1226 2743 Numidarum
1253 2706 1323 2743 ex
1349 2695 1482 2757 fuga
1515 2705 1700 2755 regem
1732 2695 1918 2755 sequi-

159 2785 285 2844 tur3
325 2792 433 2843 quo
469 2782 774 2842 quoiusque
809 2783 1017 2830 animus
1052 2782 1178 2847 fert,
1212 2794 1279 2830 eo
1316 2783 1615 2844 discedunt,
1654 2793 1831 2843 neque
1859 2784 1917 2832 id

162 2871 428 2933 flagitium
463 2869 696 2920 militiae
730 2868 947 2920 ducitur
959 2885 979 2932 3
1019 2871 1102 2921 ita
1138 2882 1200 2920 se
1233 2883 1418 2920 mores
1452 2871 1667 2920 habent.
1741 2871 1917 2933 Igitur

161 2956 424 3015 Metellus
459 2959 550 3008 ubi
586 2959 738 3008 videt
760 2960 1037 3008 etiamtum
1068 2960 1218 3023 regis
1242 2960 1477 3009 animum
1505 2961 1746 3010 ferocem
1771 2971 1911 3024 esse,

261 3200 300 3240 4.
328 3200 432 3241 odae
455 3200 584 3239 hoste·
608 3200 868 3241 aduncare-e
892 3201 941 3241 V.
966 3222 1015 3231 —
1042 3201 1106 3242 to.
1133 3200 1246 3253 fert]
1271 3200 1387 3251 effa-t
1408 3201 1459 3242 V.
1480 3201 1594 3252 ferro
1616 3202 1727 3243 lt-
1751 3202 1910 3243 1210-

159 3272 334 3308 noctae
359 3268 407 3306 V.
434 3288 484 3297 -
519 3269 583 3307 18.
606 3267 764 3308 laboro·
784 3270 964 3321 praedas
988 3269 1040 3309 V.
1072 3292 1114 3301 —
1153 3271 1217 3309 21.
1247 3272 1307 3309 uta·
1332 3269 1386 3313 K.
1418 3292 1461 3303 -
1496 3270 1562 3313 w.
1584 3270 1701 3322 fere]
1724 3268 1833 3320 forae
1858 3270 1907 3311 V.
1929 3313 1933 3318 Δ

159 3350 241 3377 err.
272 3342 432 3389 typogr.
461 3358 511 3367 -
558 3337 623 3377 29.
651 3340 826 3378 mm
847 3339 955 3387 roni·
978 3339 1102 3378 σιίοιι
1125 3342 1209 3376 Μ
1231 3337 1285 3379 V.
