2525 3925
627 310 729 361 170
1170 309 1229 361 G.
1266 312 1566 364 SALUS'H
1603 309 1832 365 cmsm

892 838 1429 921 EPISTOLA
1484 842 1648 921 CN.
1700 840 2128 923 POMPEI

1449 1070 1548 1106 An

1200 1242 1801 1307 SENA'PUM.

728 1594 790 1643 Si
825 1595 1091 1643 advorsus
1127 1604 1228 1643 vos
1265 1594 1602 1654 patriamque
1638 1596 1696 1642 et
1738 1595 1868 1642 deos
1913 1595 2134 1654 penatis
2174 1598 2256 1646 tot
2287 1596 2360 1645 la-

620 1682 779 1732 bores
820 1684 875 1731 et
924 1680 1171 1744 pericula
1219 1681 1612 1743 suscepissem,
1660 1682 1909 1741 quotiens
1945 1693 1978 1730 a
2015 1683 2203 1744 prima
2238 1683 2360 1731 adu-

618 1768 888 1819 lescentia
924 1768 1086 1819 ductu
1127 1781 1248 1818 meo
1297 1767 1699 1817 scelestissumi
1745 1768 1930 1823 hostes
1963 1768 2078 1816 fusi
2115 1774 2174 1818 et
2217 1772 2360 1820 vobis

617 1857 769 1907 salus
807 1858 1051 1920 quaesita
1086 1858 1201 1922 est,
1249 1856 1384 1904 nihil
1431 1855 1662 1916 amplius
1708 1857 1766 1903 in
1807 1858 2091 1905 absentem
2131 1868 2222 1905 me
2257 1861 2359 1906 sta-

620 1944 891 2012 tuissetis,
941 1957 1096 2008 quam
1132 1944 1307 1994 adhuc
1354 1944 1549 2011 agitis,
1598 1947 1783 2006 patres
1831 1944 2158 2008 conscripti,
2217 1957 2360 2008 quen

618 2036 811 2082 contra
846 2035 1083 2082 aetatem
1125 2033 1427 2092 proiectum
1467 2033 1533 2081 ad
1575 2030 1774 2081 bellum
1809 2032 2210 2081 saevissumum
2251 2045 2360 2082 cun

616 2119 862 2168 exercitu
902 2123 1119 2180 optume
1155 2120 1382 2182 merito,
1430 2123 1686 2179 quantum
1731 2121 1817 2168 est
1863 2121 1921 2167 in
1960 2118 2152 2184 vobis,
2209 2121 2362 2185 fame,

617 2207 942 2255 miserruma
978 2206 1212 2254 omnium
1239 2209 1437 2266 morte,
1475 2204 1807 2254 confecistis.
1879 2205 1998 2254 Hac
2032 2206 2091 2253 in
2127 2219 2233 2267 spe
2268 2220 2362 2268 po-

616 2292 780 2354 pulus
803 2293 1079 2342 Romanus
1114 2291 1322 2343 liberos
1355 2303 1482 2341 suos
1517 2293 1587 2341 ad
1622 2291 1825 2342 bellum
1848 2284 2038 2341 misit?
2073 2293 2220 2342 haec
2245 2299 2362 2344 sunt

616 2381 863 2442 praemia
918 2391 1017 2442 pro
1073 2379 1386 2429 volneribus
1437 2381 1494 2428 et
1550 2381 1748 2429 totiens
1802 2381 1869 2428 ob
1916 2391 2030 2429 rem
2081 2381 2360 2442 publicam

615 2470 741 2518 fuso
777 2459 1088 2532 sanguine?
1155 2467 1360 2516 Fessus
1405 2467 1697 2516 scribundo
1733 2468 2111 2532 mittundoque
2149 2467 2364 2532 legatos

616 2557 790 2606 omnis
827 2568 961 2618 opes
998 2558 1055 2604 et
1090 2567 1215 2616 spes
1251 2557 1498 2616 privatas
1532 2567 1681 2603 meas
1718 2555 2042 2621 consumpsi,
2077 2567 2251 2617 quom
2285 2560 2364 2606 in-

615 2645 772 2694 terim
806 2654 840 2692 a
877 2643 1032 2692 vobis
1072 2654 1171 2704 per
1210 2643 1500 2690 triennium
1541 2643 1634 2690 vix
1670 2653 1881 2692 annuus
1923 2646 2170 2704 sumptus
2210 2645 2365 2694 datus

613 2735 716 2782 est.
788 2733 893 2781 Per
948 2732 1079 2780 deos
1134 2728 1472 2793 inmortalis,
1524 2733 1703 2778 utrum
1754 2731 1995 2780 censetis
2047 2742 2136 2780 me
2187 2734 2364 2782 vicem

614 2820 794 2871 aerari
828 2820 1126 2882 praestare,
1161 2829 1231 2867 an
1269 2817 1567 2866 exercitum
1603 2819 1722 2866 sine
1755 2818 2026 2868 frumento
2061 2820 2120 2866 et
2153 2821 2365 2882 stipen-

614 2907 705 2956 dio
740 2905 941 2956 habere
979 2896 1185 2969 posse?
1254 2905 1513 2965 Equidem
1563 2905 1740 2953 fateor
1787 2917 1873 2954 me
1909 2904 1977 2954 ad
2016 2905 2120 2954 hoc
2159 2905 2363 2955 bellum

614 2995 826 3043 maiore
859 2992 1039 3043 studio
1075 3005 1233 3054 quam
1260 2993 1492 3042 consilio
1517 2992 1821 3054 profectum
1840 3008 1859 3056 3
1895 2992 2094 3054 quippe
2129 2995 2226 3054 qui
2263 3005 2364 3042 no-

613 3081 755 3129 mine
790 3081 948 3130 modo
982 3081 1174 3142 imperi
1214 3095 1249 3132 a
1285 3083 1444 3130 vobis
1479 3084 1725 3143 accepto,
1777 3081 1963 3129 diebus
1999 3081 2366 3141 quadraginta

616 3167 913 3216 exercitum
971 3169 1165 3230 paravi
1210 3170 1486 3229 hostisque
1537 3169 1596 3215 in
1655 3167 1962 3216 cervicibus
2018 3168 2126 3214 iam
2163 3167 2362 3215 ltaliae

614 3256 831 3320 agentis
865 3257 934 3307 ab
965 3253 1195 3318 Alpibus
1222 3258 1279 3305 in
1303 3256 1619 3318 Hispaniam
1656 3256 1924 3310 submovi.
1977 3254 2084 3303 Per
2121 3265 2222 3304 eas
2255 3255 2362 3302 iter
