2525 3925
826 347 1199 403 nunonem
1232 345 1390 401 CXL.
1868 351 1980 406 24³

156 495 501 548 maumam
546 497 651 548 est.
716 496 925 548 nouum
960 497 1173 560 myrfls
1212 473 1440 562 proliten-
1461 505 1622 546 unum
1659 507 1728 548 ex
1759 497 1982 567 legatis,
2051 523 2062 530 -

251 587 343 647 qui
378 585 447 636 ad
484 597 581 635 eos
612 585 765 636 missi
790 589 969 653 erant,
1004 587 1250 637 occisum
1285 585 1546 636 indictum
1579 590 1665 635 est
1679 601 1699 650 3
1735 588 1980 638 subacti-

159 675 357 737 ⁵²⁷que
391 675 449 724 in
484 674 809 724 deditionem
853 677 1139 728 venerunt.
1212 677 1532 728 Praetor-um
1571 685 1826 725 num-erus
1859 688 1982 724 am-

246 761 451 824 pliatus
488 765 589 826 est,
636 763 699 812 ut
732 765 919 812 essent
954 767 1227 835 quattuor.
1301 763 1454 814 Galli
1485 762 1853 826 Transalpini,
1889 765 1983 825 qui

244 850 305 900 in
342 849 561 901 Italiam
606 851 944 916 irruperant,
998 854 1149 902 caesi
1176 855 1338 902 sunt.
1419 850 1502 900 Eo
1545 849 1695 902 bello
1745 850 2022 914 populus5

246 939 521 988 Romanus
567 940 653 988 sui
698 940 985 1002 Latinique
1031 941 1265 990 nominis
1311 942 1558 989 trecenta
1603 938 1756 988 milia
1800 951 1984 990 arma—

246 1029 425 1076 torum
462 1028 715 1078 babuisse
750 1028 964 1078 dicitur.
1034 1027 1375 1078 Exercitibus
1409 1028 1668 1076 Romanis
1705 1031 1832 1076 tunc
1867 1028 1983 1090 pri-

245 1127 393 1164 mum
432 1118 587 1166 trans
621 1118 821 1167 Padum
868 1117 1046 1167 ductis
1082 1115 1231 1166 Galli
1269 1115 1524 1168 Insubres
1565 1115 1779 1179 aliquot
1817 1127 1984 1178 proe-

162 1200 339 1250 5321iis
378 1201 485 1251 fusi
520 1205 577 1251 in
620 1205 946 1255 deditionem
983 1209 1265 1255 venerunt.
1337 1205 1411 1252 M.
1448 1201 1705 1253 Claudius
1741 1203 1983 1254 Marcel-

246 1287 337 1339 lus
374 1290 565 1340 consul
600 1295 785 1342 occiso
818 1295 1121 1344 Insubrium
1160 1292 1445 1344 Gallorum
1479 1293 1615 1343 duce
1650 1291 1978 1342 Virdomaro
1993 1289 2060 1342 10

248 1377 436 1440 opima
470 1379 647 1442 spolia
683 1380 912 1431 rettulit.
982 1383 1112 1431 lstri
1148 1381 1359 1431 subacti
1393 1381 1534 1430 sunt.
1609 1380 1744 1430 Item
1780 1379 1983 1449 Illyrii,

247 1478 369 1516 cum
404 1467 793 1534 rebellassent,
843 1469 1027 1519 domiti
1061 1470 1117 1519 in
1151 1470 1476 1520 deditionem
1512 1471 1797 1518 venerunt.
1865 1470 1983 1518 Lu-

246 1557 416 1604 strum
447 1567 481 1606 a
504 1558 819 1607 censoribus
845 1557 1113 1608 conditum
1142 1561 1259 1624 est,
1295 1569 1404 1620 quo
1430 1568 1596 1607 censa
1621 1561 1749 1606 sunt
1783 1558 1983 1606 civium

162 1643 434 1706 ⁵³4capita
471 1644 703 1695 ducenta
737 1647 1083 1711 septuaginta
1115 1646 1268 1696 milia
1300 1646 1533 1696 ducenta
1559 1645 1833 1694 tredecim.
1883 1645 1984 1693 Li-

245 1732 443 1781 bertini
468 1733 523 1781 in
553 1736 811 1796 quattuor
828 1735 999 1784 tribus
1019 1735 1230 1785 redacti
1251 1737 1395 1799 sunt,
1428 1745 1548 1784 cum
1565 1735 1728 1782 antea
1746 1730 2058 1793 dispersi15

242 1830 341 1880 per
367 1833 553 1870 omnes
578 1821 827 1886 fuissent,
860 1822 1210 1886 Esquilinam,
1245 1822 1565 1890 Palatinam,
1595 1822 1983 1884 suburranam‚

247 1905 513 1958 Collinam
533 1925 550 1973 3
596 1906 655 1958 C.
688 1910 987 1962 Flaminius
1024 1923 1219 1960 censor
1256 1911 1409 1960 viam
1448 1910 1769 1960 Flaminiam
1803 1909 1984 1959 muni-

156 1996 328 2053 5³5vit
363 2000 421 2046 et
457 2000 667 2050 circum
700 1998 1021 2051 Flaminium
1058 2002 1344 2051 exstruxit.
1418 1999 1681 2049 Coloniae
1718 2000 1982 2049 deductae

236 2083 297 2134 in
335 2098 471 2151 agro
514 2090 579 2137 (le
621 2087 801 2140 Gallis
842 2092 1032 2153 capto,
1073 2089 1356 2141 Placentia
1387 2090 1446 2139 et
1481 2084 1762 2139 Cremona.

893 2246 1126 2297 Liber
1173 2246 1317 2295 XXI.
1989 2242 2058 2295 20

352 2352 418 2399 In
452 2351 666 2401 Italiam
714 2351 848 2402 belli
887 2353 1076 2402 Punici
1124 2352 1352 2401 secundi
1397 2352 1549 2402 ortus
1599 2355 1882 2417 narratur,
1927 2352 1986 2400 et

242 2433 564 2488 Hannibalis
599 2439 903 2488 Poenorum
948 2440 1101 2487 ducis
1146 2440 1338 2488 contra
1386 2436 1578 2489 foedus
1629 2450 1730 2499 per
1767 2438 1986 2488 Iberum

165 2536 458 2582 sasamnem
503 2526 789 2594 transitus,
840 2540 875 2577 a
927 2538 1030 2588 quo
1080 2528 1413 2590 Saguntum,
1471 2526 1746 2577 sociorum
1797 2523 1985 2586 populi

240 2614 473 2664 Romani
508 2616 732 2680 civitas,
784 2616 1007 2665 obsessa
1046 2616 1246 2665 octavo
1287 2626 1472 2664 mense
1519 2618 1680 2676 capta
1728 2616 1827 2662 est.
1898 2612 1983 2661 De

242 2704 439 2767 quibus
475 2704 687 2753 iniuriis
722 2704 874 2754 missi
901 2702 1075 2767 legati
1111 2704 1179 2753 ad
1201 2702 1690 2767 Karthaginienses
1717 2702 1810 2764 qui
1843 2712 1977 2763 que-
1989 2706 2054 2761 25

240 2796 511 2843 rerentur.
581 2790 713 2843 Cum
750 2794 1075 2844 satisfacere
1111 2792 1338 2856 nollent,
1374 2790 1578 2843 bellum
1613 2791 1684 2839 iis
1721 2790 1982 2843 indictum

240 2882 343 2930 est.
424 2880 697 2931 Hannibal
746 2882 1001 2945 superato
1053 2882 1342 2944 Pyrenaeo
1396 2880 1541 2930 saltu
1597 2890 1696 2942 per
1748 2877 1982 2947 Gallias,

241 2968 380 3018 fusis
402 2968 598 3020 Volcis
636 2970 729 3032 qui
764 2970 1032 3019 obsistere
1066 2971 1251 3019 conati
1287 2973 1464 3037 erant,
1499 2968 1567 3018 ad
1601 2966 1774 3030 Alpes
1807 2968 1982 3033 venit,

242 3062 302 3108 et
340 3056 614 3108 laborioso
661 3070 763 3119 per
808 3070 904 3107 eas
954 3060 1213 3121 transitu,
1269 3070 1393 3107 cum
1440 3058 1722 3108 montanos
1761 3068 1974 3120 quoque

242 3144 436 3196 Gallos
472 3146 662 3196 obvios
698 3145 909 3210 aliquot
940 3145 1164 3208 proeliis
1204 3144 1567 3210 reppulisset,
1604 3145 1880 3195 descendit
1911 3146 2051 3203 ingo

157 3232 481 3298 mltaliam,
508 3235 565 3283 et
598 3234 667 3283 ad
698 3234 948 3285 Ticinum
982 3246 1190 3285 amnem
1220 3235 1502 3284 Romanos
1537 3234 1772 3295 equestri
1810 3242 1974 3295 proe-

239 3321 321 3371 lio
358 3321 527 3386 fudit,
570 3322 628 3373 in
666 3334 773 3387 quo
812 3322 1159 3375 vulneratum
1208 3322 1266 3373 P.
1307 3319 1624 3375 Cornelium
1661 3320 1974 3384 Scipionem
