2525 3925
822 317 1193 373 mmmmm
1229 316 1384 371 CXIa.
1868 317 1979 368 307

244 469 622 530 stulorumque
674 466 1049 530 multitudine,
1108 463 1274 515 Crixo
1327 468 1384 514 et
1432 464 1701 527 Spartaco
1753 464 1979 515 ducibus

247 557 398 608 bello
433 559 687 619 excitato,
720 552 1002 605 Claudium
1035 555 1328 604 Pulchrum
1363 553 1606 617 legatum
1642 553 1699 602 et
1732 554 1787 599 P.
1810 552 1979 602 Vari-

247 646 394 694 nium
431 649 735 706 praetorem
772 643 984 705 proelio
1023 645 1289 693 vicerunt.
1358 643 1423 691 L.
1448 639 1711 690 Lucullus
1746 651 1981 701 precon-

247 732 338 782 sul
369 734 437 782 ad
470 729 734 794 Cyzicum
769 733 959 782 urbem
995 732 1292 782 exercitum
1324 728 1653 781 Mithridatis
1685 730 1829 778 fame
1866 728 1982 777 fer-

247 831 423 882 roque
464 821 703 883 delevit3
756 820 1074 882 pulsumque
1103 820 1361 881 Bithynia
1394 829 1607 882 regem,
1644 818 1816 867 variis
1850 814 2021 866 belli5

247 920 318 958 ac
367 908 776 970 naufragiorum
827 908 1041 959 casibus
1095 909 1359 971 fractum,
1411 906 1597 969 coegit
1646 906 1702 954 in
1751 906 1983 955 Pontum

247 996 556 1060 profugere.

882 1115 1116 1165 Liber
1164 1112 1353 1164 xcvi.

360 1218 423 1283 Q.
464 1223 652 1270 Arrius
702 1224 924 1282 praetor
957 1217 1181 1271 Crixum
1224 1223 1585 1285 fugitivorum
1628 1224 1816 1272 ducem
1863 1233 1987 1271 cum

168 1309 455 1373 682viginti
491 1309 704 1359 milibus
751 1309 1028 1380 hominum
1084 1310 1297 1359 cecidit.
1368 1308 1462 1359 Cn.
1499 1310 1761 1360 Lentulus
1796 1306 2064 1359 consul10

253 1396 396 1446 male
431 1398 694 1446 adversus
719 1398 1039 1457 Spartacum
1077 1399 1358 1463 pugnavit.
1434 1398 1515 1447 Ab
1552 1398 1741 1448 eodem
1767 1400 1829 1447 L.
1855 1397 1990 1446 Gel-

254 1481 362 1531 lius
400 1485 585 1532 consul
635 1491 692 1533 et
727 1480 790 1547 Q.
826 1485 1021 1534 Arrius
1061 1490 1284 1546 praetor
1317 1487 1439 1534 acie
1476 1485 1611 1534 victi
1647 1488 1788 1535 sunt.
1858 1485 1992 1532 Ser·-

253 1570 429 1619 torius
467 1583 501 1619 a
533 1568 623 1620 Μ’.
659 1572 902 1621 Antonio
939 1578 996 1621 et
1026 1575 1098 1621 M.
1127 1572 1407 1633 Perperna
1440 1576 1497 1623 et
1531 1573 1657 1621 aliis
1694 1571 1994 1620 coniuratis

253 1658 311 1705 ln
349 1658 604 1707 convivio
638 1659 960 1709 interfectus
1007 1663 1124 1723 est,
1177 1664 1377 1708 octavo
1426 1658 1653 1708 ducatus
1698 1658 1783 1706 sui
1831 1667 1993 1718 anno,

252 1756 483 1807 magnus
506 1746 629 1808 dux,
660 1748 716 1793 et
739 1747 1004 1795 adversus
1031 1745 1166 1794 duos
1196 1746 1571 1811 imperatores,
1603 1745 1913 1805 Pompeium
1936 1740 2068 1792 et15

254 1832 558 1894 Metellum,
594 1845 761 1893 saepe
798 1832 1024 1905 parvel
1059 1834 1393 1895 frequentius
1419 1834 1617 1896 victor,
1653 1835 1719 1881 ad
1748 1829 1995 1879 ultimum

256 1918 506 1969 desertus
539 1921 594 1969 et
630 1919 889 1982 proditus.
961 1923 1251 1982 Imperium
1286 1923 1520 1984 partium
1557 1922 1625 1972 ad
1662 1921 1736 1969 M.
1765 1921 1997 1981 Perper-

257 2019 384 2056 nam
436 2007 757 2057 translatum
808 2012 892 2059 est
907 2023 925 2072 3
978 2021 1135 2071 quem
1177 2008 1274 2059 Cn.
1308 2011 1602 2071 Pompeius
1650 2011 1854 2058 victum
1900 2019 1999 2056 ca-

259 2100 517 2157 ptumque
565 2096 875 2160 interfecit,
928 2109 994 2146 ac
1042 2099 1253 2159 recepit
1289 2098 1581 2160 Hispanias
1625 2096 1839 2148 decimo
1877 2094 1997 2144 fere

258 2194 402 2233 anno
451 2196 613 2245 quam
656 2188 902 2246 coeptum
946 2187 1067 2234 erat
1104 2185 1321 2235 bellum.
1394 2181 1451 2234 C.
1493 2182 1715 2235 Cassius
1756 2179 2073 2246 procem-20

260 2269 348 2319 sul
395 2274 452 2320 et
505 2268 598 2320 Cn.
634 2271 874 2321 Manlius
915 2275 1140 2333 praetor
1185 2271 1330 2321 male
1368 2274 1633 2339 adversus
1681 2270 2003 2330 Spartacum

265 2360 682 2422 pugnaverunt3
734 2359 897 2421 idque
948 2357 1151 2409 bellum
1201 2359 1276 2408 Μ.
1314 2355 1513 2408 Crasso
1564 2358 1805 2419 praetori
1848 2365 2000 2404 man-

260 2445 439 2495 datum
478 2448 580 2495 est.

881 2579 1016 2629 Lib
1035 2590 1112 2628 er
1163 2575 1384 2629 xcvii.

183 2694 264 2735 68³
369 2685 441 2732 Μ.
480 2680 712 2733 Crassus
755 2686 976 2743 praetor
1020 2685 1244 2745 primum
1280 2696 1401 2734 cum
1438 2688 1593 2746 parte
1629 2684 2075 2746 fugitivorum‚25
2104 2708 2120 2730 2

264 2783 403 2837 quae
441 2781 508 2819 ex
534 2770 713 2820 Gallis
737 2769 1136 2834 Germanisque
1174 2774 1477 2837 constabat,
1520 2772 1759 2821 feliciter
1792 2782 2004 2835 pugna-

265 2860 381 2922 vit,
431 2859 609 2908 caesis
657 2857 889 2908 hostium
945 2860 1168 2922 triginta
1214 2861 1455 2922 quinque
1503 2858 1722 2908 milibus
1766 2862 1824 2908 et
1866 2858 2005 2907 duce

364 3022 404 3061 Ω.
443 3020 481 3058 Ρ
527 3021 738 3060 Veranium
775 3026 942 3061 auctore
965 3023 1134 3072 Sigonio
1160 3022 1402 3062 Bekkerus=
1439 3022 1531 3062 libri
1565 3028 1606 3061 et
1639 3023 1761 3062 Drak.
1797 3022 1845 3062 P.
1875 3022 2002 3060 Vare-

265 3101 373 3128 mm.
415 3089 501 3127 Θῆ.
529 3088 777 3128 Onomastio.
812 3101 942 3128 meum
967 3090 1054 3128 Cio.
1084 3091 1128 3129 in
1164 3089 1206 3130 h.
1235 3103 1276 3130 ν.
1304 3111 1350 3120 -
1402 3090 1462 3130 16.
1498 3090 1555 3127 ad
1584 3090 1760 3129 nulnum
1794 3095 1831 3128 ee
1865 3101 2006 3128 saevae

267 3163 309 3195 ee
337 3155 528 3206 prodinus
553 3156 682 3194 cndd.
699 3156 909 3215 plerique.
947 3157 1166 3197 Exciditne
1189 3169 1216 3195 a
1240 3159 1325 3196 wie
1349 3163 1444 3208 post
1469 3170 1510 3196 v.
1536 3158 1712 3197 deserens
1750 3157 1816 3197 vel
1842 3162 1938 3209 pust
1966 3171 2002 3195 τ,

262 3223 480 3274 prodeam?
509 3245 552 3254 -
606 3223 663 3261 1⁷.
688 3223 744 3260 ad
765 3224 831 3263 M.
863 3225 1119 3274 Perpernam,
1148 3232 1192 3264 ut
1217 3225 1401 3265 voluer-t
1426 3225 1678 3276 Perizonius,
1705 3225 1805 3266 θοὰ.
1832 3224 1938 3265 tue.
1962 3227 2002 3259 ⁴2.

268 3290 507 3330 Bekkeruse
533 3289 589 3328 ad
611 3289 800 3330 Mareu-
827 3291 1129 3332 Drakenborch.
