2525 3925
582 330 691 383 uo
1124 328 1188 383 C.
1222 328 1523 384 SALUSTI
1558 324 1787 381 cmsm

580 478 861 539 inproviso
892 481 1067 545 metu,
1120 488 1189 528 ac
1224 479 1406 527 tamen
1439 477 1662 525 virtutis
1699 485 1995 541 memores,
2041 474 2142 523 aut
2177 482 2348 525 arma

584 566 893 628 capiebant·
925 568 1021 616 aut
1074 566 1344 627 capientis
1396 563 1536 614 alios
1569 565 1638 614 ab
1674 564 1917 615 hostibus
1953 562 2346 626 defensabant,

580 666 709 717 pars
740 666 908 717 equos
942 654 1270 717 escendere,
1323 653 1542 702 obviam
1580 654 1663 701 ire
1695 652 1970 714 hostibus,
2016 660 2210 715 pugna
2247 651 2345 701 la·-

584 742 819 793 trocinio
853 743 1029 805 mag-is
1064 752 1226 804 quam
1270 738 1482 803 proelio
1529 738 1724 789 similis
1771 738 1888 788 fieri
1903 772 1920 804 ‚
1969 739 2090 787 siue
2135 740 2346 805 signis,

539 832 702 887 5sine
739 829 1019 881 ordinibus
1056 831 1271 892 equites
1301 828 1511 890 pedites
1555 828 1814 888 permixti
1823 840 1842 890 3
1896 808 2130 875 caedere
2167 824 2343 888 alios,

578 918 720 969 alios
772 920 1100 969 obtruncare
1115 932 1133 980 3
1193 916 1397 966 multos
1413 948 1431 983 ,
1483 918 1676 965 contra
1723 914 1990 965 advorsos
2041 924 2342 963 acerrume

579 1008 897 1069 pugnantis,
948 1006 1015 1055 ab
1050 1006 1209 1069 tergo
1248 1004 1644 1054 circumvenire
1655 1016 1674 1065 3
1723 1012 1904 1064 neque
1937 1002 2115 1050 virtus
2149 1012 2342 1063 neque

580 1104 735 1143 arma
766 1094 905 1142 satis
940 1094 1146 1159 tegere,
1188 1093 1332 1154 quod
1366 1091 1552 1141 hostes
1587 1102 1812 1139 numero
1846 1088 2034 1151 plures
2073 1091 2132 1138 et
2167 1090 2340 1138 undi-

584 1190 689 1243 que
712 1178 1027 1229 circumfusi
1046 1182 1231 1242 erant3
1269 1178 1498 1241 denique
1515 1178 1744 1227 Romani
1767 1181 1989 1251 veteres
2025 1178 2334 1239 [novique]

509 1275 575 1327 10
588 1270 646 1318 et
678 1270 747 1319 ob
786 1280 856 1318 ea
899 1269 1139 1317 scientes
1186 1266 1352 1335 belli,
1403 1268 1454 1315 si
1497 1277 1633 1329 quos
1670 1264 1828 1314 locus
1863 1269 1960 1314 aut
1993 1276 2156 1315 casus
2197 1276 2338 1314 con-

580 1358 861 1419 iunxerat,
914 1357 1061 1405 orbis
1107 1355 1325 1419 facere,
1375 1357 1544 1417 atque
1585 1358 1666 1405 ita
1699 1356 1768 1405 ab
1803 1355 2052 1406 omnibus
2079 1356 2338 1416 partibus

581 1442 743 1492 simul
776 1444 909 1492 tecti
944 1445 1001 1493 et
1034 1442 1291 1493 instructi
1322 1442 1558 1492 hostium
1590 1445 1702 1494 vim
1737 1443 2136 1493 sustentabant.

684 1530 773 1581 98.
806 1531 1002 1594 Neque
1032 1533 1193 1580 ineo
1230 1532 1345 1580 tam
1381 1542 1582 1593 aspero
1611 1532 1838 1595 negotio
1860 1530 2072 1580 Marius
2103 1528 2336 1580 territus

582 1622 678 1669 aut
710 1621 888 1682 magis
936 1630 1097 1681 quam
1144 1620 1310 1669 antea
1354 1619 1590 1669 demisso
1639 1621 1816 1670 animo
1864 1619 2000 1682 fuit,
2051 1620 2151 1669 sed
2203 1630 2336 1668 cum

507 1711 572 1762 15
588 1709 763 1758 turma
814 1718 945 1774 sua,
1003 1719 1163 1770 quam
1202 1718 1273 1756 cx
1308 1707 1640 1759 fortissumis
1673 1706 1848 1770 magis
1887 1717 2048 1769 quam
2085 1706 2334 1756 familia-

578 1796 823 1846 rissumis
856 1798 1171 1863 paraverat,
1207 1796 1402 1859 vagari
1425 1796 1644 1857 passim,
1677 1806 1746 1845 ac
1767 1793 1924 1843 modo
1947 1793 2333 1844 laborantibus

578 1885 694 1933 suis
728 1895 1083 1947 succurrere,
1135 1886 1294 1934 modo
1331 1883 1536 1945 hostis,
1589 1883 1681 1932 ubi
1717 1881 2122 1931 confertissumi
2155 1882 2332 1931 obsti-

580 1975 789 2038 terant,
842 1973 1139 2036 iuvader03
1190 1981 1354 2022 manu
1405 1970 1698 2022 consulere
1731 1969 2023 2032 militibus,
2071 1971 2332 2032 quoniam

579 2059 884 2125 imperare,
936 2061 1276 2110 conturbatis
1323 2060 1568 2110 omnibus
1583 2091 1598 2126 ,
1651 2069 1761 2108 non
1807 2059 2038 2121 poterat.
2109 2059 2334 2122 Iamque

504 2151 573 2205 20
586 2145 699 2195 dies
746 2148 1097 2208 consumptus
1144 2148 1295 2214 erat,
1349 2158 1508 2208 quom
1556 2149 1734 2196 tamen
1783 2147 2006 2196 barbari
2052 2146 2193 2196 nihil
2243 2157 2334 2197 re·

576 2233 827 2300 mittere,
860 2237 1049 2297 atque,
1087 2234 1173 2284 uti
1204 2245 1370 2297 reges
1407 2237 1828 2301 praeceperant,
1873 2237 2090 2284 noctem
2136 2246 2242 2297 pro
2275 2245 2334 2284 se

578 2321 705 2384 rati,
740 2321 925 2371 acrius
960 2323 1186 2374 instare.
1256 2323 1394 2372 'rum
1427 2323 1636 2372 Marius
1671 2333 1741 2372 ex
1775 2323 1936 2385 copia
1971 2317 2158 2372 rerum
2193 2334 2333 2372 con-

578 2408 764 2458 silium
792 2409 973 2473 trahit,
1008 2413 1185 2472 atque,
1222 2411 1305 2461 uti
1337 2413 1452 2460 suis
1487 2411 1733 2472 receptui
1771 2409 1928 2460 locus
1963 2412 2132 2474 esset,
2169 2409 2332 2460 collis

577 2496 713 2546 duos
745 2498 1075 2561 propinquos
1110 2498 1253 2548 inter
1271 2511 1335 2548 se
1355 2499 1602 2561 occupat,
1639 2508 1863 2560 quorum
1881 2497 1940 2546 in
1965 2508 2088 2560 uno,
2127 2499 2332 2547 castris

502 2591 567 2645 25
580 2597 769 2649 parum
824 2585 1005 2648 amplo
1021 2620 1038 2652 ‚
1089 2588 1215 2636 fons
1272 2597 1447 2649 aquae
1498 2596 1734 2650 magnus
1791 2588 1945 2652 erat,
2005 2584 2155 2636 alter
2183 2587 2333 2636 νεώ

578 2678 928 2738 opportunus,
964 2675 1089 2736 quia
1124 2685 1322 2738 magna
1359 2676 1515 2736 parte
1548 2673 1726 2724 editus
1761 2676 1818 2723 et
1851 2685 2118 2737 praeceps
2151 2685 2331 2735 pauca

576 2763 909 2813 munimenta
962 2763 1276 2826 quaerebat.
1349 2760 1602 2812 Ceterum
1654 2764 1798 2823 apud
1855 2773 2050 2823 aquam
2109 2760 2328 2812 Sullam

580 2862 703 2900 cum
755 2851 1031 2915 equitibus
1083 2851 1301 2900 noctem
1353 2852 1570 2913 agitare
1620 2849 1805 2913 iubet3
1861 2849 1984 2912 ipso
2036 2847 2327 2911 paullatim

680 3104 715 3142 i.
745 3107 919 3142 attamen
943 3105 995 3142 V.
1027 3127 1069 3136 -
1096 3106 1133 3145 5.
1158 3105 1392 3154 peditesque
1417 3105 1466 3144 G.
1493 3126 1540 3136 —
1565 3104 1733 3143 caedere
1757 3103 1872 3151 aliae,
1899 3103 2135 3142 abu-teneare
2159 3105 2325 3146 aulea.-

578 3176 717 3210 comra
740 3171 788 3208 V.
815 3191 865 3201 —-
911 3173 951 3212 1.
981 3184 1005 3210 a
1031 3173 1084 3222 V,
1113 3193 1159 3204 —
1208 3174 1248 3212 8.
1276 3175 1372 3224 quia
1396 3172 1526 3211 hostes
1551 3174 1602 3212 V.
1635 3175 1685 3213 G.
1719 3195 1760 3204 —
1807 3173 1848 3212 9.
1879 3171 1957 3211 del.
1985 3174 2158 3223 novique
2181 3179 2328 3216 ancto-

579 3241 693 3279 ribus
718 3241 935 3280 ciacconio
962 3247 1003 3280 ct
1028 3241 1178 3282 Ursino
1205 3241 1258 3281 K.
1297 3241 1396 3280 Sine
1419 3243 1538 3280 uncis
1561 3242 1611 3281 V.
1642 3241 1691 3281 G.
1718 3241 1796 3280 Est
1817 3238 2078 3292 interpolatio
2105 3253 2158 3280 cx
2185 3241 2231 3280 C.
2261 3241 2324 3283 87.

581 3309 762 3358 repetita.
788 3329 839 3338 —--
888 3309 948 3349 18.
975 3309 1164 3348 invadere
1187 3321 1330 3347 nm.-
1361 3309 1562 3348 emulare
1591 3309 1641 3351 V.
