2525 3925
614 309 725 360 2⁰⁰
1208 305 1784 358 PSEUDOSALUS'H

618 459 703 504 est
712 469 731 519 3
770 456 971 517 quippe
1008 466 1170 516 quom
1204 453 1324 504 illis
1357 457 1618 506 matorum
1651 456 1830 504 virtus
1867 458 2078 518 partam
2115 456 2371 520 relique-

614 545 691 593 rit
746 541 983 606 gloriam
1044 544 1367 607 dignitatem
1435 541 1754 607 clientelas,
1823 549 2014 594 cetera
2071 545 2369 596 multitudo

617 631 880 694 pleraque
918 632 1158 680 insiticia
1192 632 1284 694 sit,
1329 633 1636 682 sententias
1669 645 1856 681 eorum
1895 646 1932 681 a
1965 637 2124 682 metu
2155 633 2368 684 libera:

616 724 695 770 ita
718 722 774 768 in
810 719 1026 770 occulto
1062 721 1165 770 sibi
1202 721 1433 782 quisque
1469 719 1698 770 alterius
1736 723 1982 781 potentia
2017 723 2212 774 carior
2251 725 2370 772 erit.

574 809 869 858 5Libertas
918 809 1075 857 iuxta
1122 809 1275 857 bouis
1321 813 1377 857 et
1421 808 1611 873 malis,
1663 809 1903 858 strenuis
1939 818 2106 872 atque
2143 811 2366 875 ignavis

616 896 875 958 optabilis
929 901 1031 946 est.
1116 896 1330 945 Verum
1382 907 1504 946 eam
1559 895 1809 958 plerique
1860 901 2014 946 metu
2063 901 2338 948 deserunt
2349 915 2368 961 3

614 984 938 1036 stultissumi
958 983 1235 1050 mortales,
1258 984 1399 1046 quod
1421 985 1478 1032 in
1504 985 1799 1034 certamine
1817 984 2034 1033 dubium
2063 991 2174 1050 est,
2201 999 2366 1048 quor-

614 1084 739 1122 sum
774 1071 1007 1138 accidat,
1040 1073 1095 1120 id
1130 1085 1229 1134 per
1264 1073 1520 1143 inertiam
1551 1074 1610 1121 in
1645 1085 1706 1121 se
1731 1074 1885 1134 quasi
1907 1075 2045 1122 victi
2067 1076 2366 1136 recipiunt.

616 1162 792 1222 Igitur
825 1158 1031 1208 duabus
1066 1161 1229 1209 rebus
1266 1160 1576 1210 confirmari
1611 1171 1774 1222 posse
1811 1166 2063 1211 senatum
2103 1169 2278 1224 puto:
2321 1166 2366 1213 si

543 1252 841 1302 10numero
878 1251 1073 1296 auctus
1108 1259 1209 1309 per
1242 1249 1506 1299 tabellam
1529 1250 1859 1300 sententiam
1894 1251 2056 1300 feret.
2133 1252 2364 1302 'fabella

614 1337 858 1386 obtentui
896 1337 1031 1399 erit,
1082 1349 1191 1398 quo
1232 1339 1406 1399 magis
1453 1339 1634 1388 animo
1684 1337 1858 1388 libero
1898 1339 2091 1390 facere
2133 1341 2364 1390 audeat:

612 1425 671 1472 in
720 1424 1069 1474 multitudine
1116 1429 1175 1474 et
1222 1427 1462 1487 praesidi
1514 1425 1636 1487 plus
1689 1431 1746 1476 et
1793 1438 1924 1476 usus
1973 1427 2218 1490 amplior
2271 1435 2364 1480 est.

612 1513 753 1562 Nam
790 1513 909 1566 (ere
944 1513 1030 1562 his
1077 1515 1491 1574 tempestatibus
1537 1513 1637 1562 alii
1685 1515 1901 1564 iudiciis
1946 1515 2223 1580 publicis,
2274 1517 2362 1566 alii

616 1602 847 1662 privatis
880 1602 997 1652 suis
1046 1607 1213 1663 atque
1250 1603 1552 1652 amicorum
1599 1603 1836 1668 negotiis
1882 1602 2173 1670 inplicati,
2225 1605 2360 1656 baud

542 1691 605 1740 15
618 1702 751 1741 sane
783 1691 865 1740 rei
898 1690 1155 1752 publicae
1188 1690 1436 1740 consiliis
1469 1691 1760 1740 adfuerunt
1773 1705 1798 1754 3
1835 1701 2010 1754 neque
2048 1703 2150 1742 eos
2185 1695 2358 1757 magis

615 1780 901 1841 occupatio
949 1792 1107 1842 quam
1148 1779 1384 1842 superba
1434 1779 1664 1841 imperia
1711 1780 2028 1830 distinuere.
2099 1781 2360 1830 Homines

614 1867 824 1920 nobiles
850 1880 972 1918 cum
994 1869 1182 1931 paucis
1204 1868 1516 1930 senatoriis,
1549 1879 1688 1929 quos
1710 1866 2080 1918 additamenta
2099 1869 2359 1920 factionis

613 1955 839 2023 habent,
889 1969 1240 2022 quaecunque
1275 1955 1450 2010 lubuit
1490 1955 1751 2025 probare,
1783 1956 2226 2025 reprehendere,
2265 1958 2358 2009 de-

616 2057 871 2111 cernere,
921 2060 1017 2112 ea,
1063 2048 1143 2095 uti
1178 2045 1364 2096 lubido
1400 2044 1556 2111 tulit,
1600 2045 1806 2097 fecere.
1878 2045 2088 2095 Verum
2129 2048 2222 2098 ubi
2261 2060 2358 2098 nu-

538 2134 606 2185 20
620 2145 769 2183 mero
805 2138 1117 2183 senatorum
1160 2137 1324 2182 aucto
1373 2144 1472 2195 per
1517 2131 1772 2183 tabellam
1813 2134 2128 2185 sententiae
2165 2136 2356 2186 dieen-

616 2223 735 2283 tur,
770 2232 876 2270 nae
906 2220 994 2269 illi
1027 2220 1339 2282 superbiam
1374 2232 1528 2271 suam
1564 2219 1858 2289 dimittent,
1895 2221 1988 2272 ubi
2019 2222 2094 2272 iis
2131 2226 2356 2276 oboedi-

614 2311 809 2358 undum
846 2309 971 2376 erit,
1009 2309 1201 2371 quibus
1238 2314 1406 2359 antea
1441 2308 1832 2359 crudelissume
1866 2312 2273 2373 imperitabant.

719 2398 1009 2466 Forsitan,
1052 2399 1391 2466 Imperator,
1450 2398 1709 2471 perlectis
1761 2398 1996 2464 litteris,
2059 2401 2360 2467 desideres,

614 2500 775 2551 quem
809 2498 1093 2539 numerum
1124 2490 1438 2538 senatorum
1471 2488 1592 2538 fieri
1638 2485 1886 2550 placeat,
1941 2498 2160 2549 quoque
2199 2490 2358 2539 modo

539 2575 605 2627 25
617 2578 665 2627 is
696 2578 755 2626 in
788 2575 961 2627 multa
1008 2582 1064 2627 et
1110 2578 1268 2627 varia
1307 2576 1494 2626 officia
1538 2575 1922 2638 distribuatur3
1971 2576 2184 2626 iudicia
2220 2590 2360 2640 quo-

614 2666 765 2716 niam
797 2667 1042 2717 omnibus
1076 2666 1290 2728 primae
1324 2663 1522 2713 classis
1555 2665 1820 2716 mittenda
1851 2666 2052 2727 putem,
2097 2678 2242 2728 quae
2281 2668 2362 2717 di·-

614 2756 873 2820 scriptio,
922 2756 1047 2817 quei
1092 2764 1350 2805 numerus
1394 2753 1454 2801 in
1503 2764 1718 2815 quoque
1763 2763 1970 2817 genere
2009 2752 2234 2805 futurus
2273 2756 2362 2807 sit.

712 2968 752 3005 4.
780 2968 840 3007 n'eoe
866 2970 909 3007 in
934 2966 1115 3019 occulto]
1141 2968 1193 3007 V,
1229 2970 1291 3007 ita
1314 2967 1464 3006 occulto
1491 2968 1542 3007 G.
1571 2987 1622 2997 --
1669 2967 1708 3007 5.
1738 2973 1858 3018 aeque
1882 2966 2064 3017 ignavis]
2090 2968 2142 3007 V.
2185 2973 2224 3007 ee
2245 2971 2364 3019 ⁸⁹0⁸·-

614 3037 675 3074 οἰε
700 3036 751 3075 G.
784 3057 827 3066 —
877 3038 914 3075 7.
944 3036 1103 3075 dubium
1128 3035 1215 3085 ese]
1239 3036 1292 3075 V.
1331 3048 1411 3076 om.
1439 3040 1499 3074 ece
1523 3035 1572 3075 G.
1601 3054 1650 3063 —
1701 3035 1761 3075 1⁹.
1787 3034 1953 3085 fecere]
1978 3035 2027 3073 V.
2061 3033 2206 3085 suem
2231 3037 2286 3079 G.
2316 3058 2363 3067 —

613 3104 677 3143 ¹1.
704 3113 756 3142 ne
778 3102 829 3142 V.
845 3122 895 3133 --
918 3104 1227 3153 oboediendum]
1251 3102 1304 3142 V.
1339 3102 1594 3141 obediendum
1619 3104 1670 3144 G.
1699 3122 1748 3135 -·-
1796 3102 1860 3143 15.
1889 3105 1925 3143 t'n
1951 3101 2015 3153 in]
2039 3104 2092 3143 V.
2127 3116 2214 3147 om.
2241 3108 2282 3145 ἐι
2309 3109 2360 3149 G.

614 3192 663 3202 --
688 3170 975 3211 distribuentem·
1000 3173 1049 3213 V.
1052 3200 1069 3221 ,
1105 3172 1178 3213 sed
1201 3172 1338 3211 litters
1361 3184 1389 3209 n
1411 3172 1576 3223 punctis
1599 3176 1751 3212 notata.
1776 3193 1824 3203 -
1850 3172 2034 3223 quonian
2061 3173 2248 3214 omnbus
2269 3178 2362 3227 pri-

612 3252 702 3280 m
734 3238 895 3291 clusis]
919 3240 972 3279 V.
1013 3242 1196 3292 quom‘aes·
1224 3241 1386 3290 prinae
1421 3238 1544 3278 duni
1568 3239 1620 3280 G.
1660 3260 1708 3271 —
1755 3240 1821 3280 Β.
1846 3238 2059 3293 mutanda]
2087 3242 2138 3280 V.
2177 3247 2364 3285 mio-

614 3310 731 3350 unaa
756 3308 937 3360 Lipsius.
966 3308 1015 3347 e.
1042 3326 1092 3337 -
1134 3305 1364 3358 asmepuo]
1387 3308 1441 3347 v.
1475 3306 1690 3357 aner-snm
1715 3309 1766 3349 e.
1795 3328 1844 3341 .-
1887 3308 1952 3349 n.
1981 3307 2094 3360 qum]
2122 3309 2176 3351 v.
2215 3313 2292 3363 qn·
2315 3314 2364 3354 e.

700 3779 1303 3899 nm*
