2525 3925
655 345 946 396 BELLUM
981 347 1505 400 mGUR'rmNUM.
1848 351 1950 403 118

207 493 398 542 resisti
447 503 606 554 posse
616 505 636 555 3
686 495 842 542 iuxta
885 493 1010 542 boni
1058 493 1325 561 malique,
1376 496 1587 546 strenui
1622 497 1681 546 et
1712 496 1949 549 inbelles

203 578 371 654 inulti
405 581 737 630 obtruncari.
804 581 870 630 In
903 593 971 630 ea
1019 585 1174 632 tanta
1218 584 1547 650 asperitate,
1598 587 1949 638 saevissumis

203 668 455 718 Numidis
491 669 548 718 et
579 667 775 731 oppido
809 669 1042 732 undique
1077 670 1286 733 clauso,
1326 671 1601 735 Turpilius
1640 675 1950 735 praefectus

204 769 346 806 unus
377 769 447 806 ex
489 758 734 806 omnibus
769 757 984 807 Italicis
1029 759 1265 809 intactus
1306 760 1579 825 profugit3
1634 761 1691 810 id
1734 763 1951 813 miseri-

203 847 468 896 cordiane
517 846 771 910 hospitis,
827 857 897 896 an
947 849 1200 909 pactione
1245 849 1342 898 aut
1387 861 1518 900 casu
1567 850 1647 900 lta
1682 849 1989 912 evenerit,5

205 945 397 996 parum
437 936 778 997 conperimus
788 948 808 999 3
855 937 994 1003 nisi,
1030 938 1155 999 quia
1190 936 1278 986 illi
1310 938 1368 986 in
1404 940 1561 988 tanto
1596 938 1742 988 malo
1776 940 1949 1001 turpis

205 1025 326 1073 vita
355 1025 575 1086 integra
613 1025 758 1073 fama
803 1026 988 1085 potior
1021 1025 1153 1090 suit,
1204 1025 1465 1086 inprobus
1510 1027 1947 1089 intestabilisque

199 1111 435 1161 videtur.

315 1199 401 1248 68.
455 1191 744 1267 Metellus,
789 1205 1070 1265 postquam
1107 1203 1174 1252 de
1207 1203 1373 1253 rebus
1406 1204 1600 1266 Vagae
1636 1203 1777 1254 actis
1812 1215 1946 1254 con-

204 1289 369 1352 perit,
409 1287 706 1352 paullisper
738 1293 978 1342 maestus
1013 1303 1044 1339 e
1083 1293 1381 1353 conspectu
1416 1291 1563 1355 abit}
1604 1290 1818 1360 deinde,
1854 1289 2024 1344 ubiio

201 1377 294 1427 ira
327 1379 384 1426 et
423 1377 708 1442 aegritudo
744 1380 1011 1440 permixta
1051 1382 1208 1446 sunt,
1249 1390 1371 1429 cum
1406 1391 1654 1430 maxuma
1690 1393 1822 1430 cura
1856 1380 1947 1431 ul-

199 1471 318 1515 tum
353 1467 438 1515 ire
468 1467 698 1516 iniurias
733 1469 974 1518 festinat.
1025 1468 1341 1531 Legionem,
1372 1479 1491 1516 cum
1518 1479 1622 1530 qua
1658 1467 1945 1534 hiemabat,

199 1557 258 1603 et
297 1565 453 1616 quam
489 1556 750 1617 plurimos
790 1558 972 1618 potest
1003 1556 1266 1607 Numidas
1312 1557 1519 1618 equites
1569 1559 1774 1618 pariter
1822 1569 1945 1608 cum

197 1653 406 1692 occasu
442 1643 576 1694 solis
619 1645 898 1706 expeditos
943 1645 1153 1708 educit,
1209 1647 1266 1693 et
1318 1647 1538 1706 postera
1586 1647 1675 1694 die
1722 1647 1947 1697 circiter

197 1733 388 1782 horam
437 1733 652 1782 tertiam
699 1735 951 1794 pervenit
995 1734 1053 1782 in
1102 1732 1393 1795 quamdam
1440 1732 1749 1798 planitiem,
1800 1733 1941 1783 loeis
1956 1735 2019 1786 15

196 1819 384 1880 paullo
435 1820 805 1882 superioribus
855 1821 1298 1870 circumventam.
1378 1821 1462 1870 lbi
1509 1821 1711 1871 milites
1762 1821 1943 1871 fessos

193 1911 412 1958 itineris
464 1905 835 1973 magnitudine
870 1912 926 1958 et
959 1910 1070 1959 iam
1107 1910 1393 1958 abnuentis
1428 1911 1607 1958 omnia
1640 1909 1802 1958 doce-t
1840 1919 1943 1973 op-

193 1996 379 2060 pidum
405 1999 619 2063 Vagam
652 2009 757 2047 non
785 1998 1016 2061 amplius
1037 1997 1190 2047 mille
1213 2009 1466 2060 passuum
1496 1999 1707 2061 abesse,
1744 2000 1941 2048 decere

173 2085 330 2135 ·illos
365 2086 631 2149 reliquum
670 2088 915 2138 laborem
951 2098 1126 2150 aequo
1161 2088 1343 2137 animo
1381 2088 1523 2152 pati,
1565 2086 1688 2136 dum
1724 2098 1823 2147 pro
1857 2088 1940 2136 ci-

193 2175 356 2223 vibus
391 2176 535 2241 suis,
588 2176 724 2226 viris
760 2177 1088 2225 fortissumis
1123 2180 1287 2237 atque
1320 2176 1683 2238 miserrumis,
1734 2176 2018 2235 poenas20

195 2266 490 2327 caperent3
525 2267 812 2327 praeterea
845 2267 1098 2327 praedam
1133 2266 1367 2327 benigne
1392 2268 1647 2314 ostentat.
1700 2264 1797 2312 Sic
1816 2264 1941 2313 ani-

193 2352 305 2401 mis
329 2364 513 2401 eorum
535 2352 793 2417 adrectis,
827 2354 1040 2416 equites
1073 2355 1129 2401 in
1173 2354 1346 2414 primo
1379 2352 1514 2417 late,
1550 2350 1759 2414 pedites
1784 2359 1941 2413 quam

193 2440 486 2489 artissume
521 2440 603 2489 ire
639 2444 696 2489 et
726 2442 885 2503 signa
919 2439 1200 2490 occultare
1233 2440 1398 2488 iubet.

304 2526 393 2574 69.
448 2526 736 2590 Vagenses
769 2530 860 2579 nbi
895 2529 1131 2577 animum
1166 2526 1459 2575 advortere
1512 2526 1581 2577 ad
1620 2540 1680 2577 se
1716 2538 1933 2577 vorsum

193 2616 494 2667 exercitum
532 2628 791 2680 pergere,
831 2617 1033 2678 primo,
1069 2616 1148 2664 uti
1181 2615 1305 2664 erat
1338 2626 1454 2678 res,
1489 2614 1771 2663 Metellum
1810 2616 2009 2667 esse25

173 2706 336 2767 rati,
389 2706 578 2767 portas
627 2704 904 2768 clausere,
957 2702 1148 2753 deinde
1183 2704 1277 2753 ubi
1312 2714 1493 2765 neque
1524 2714 1691 2765 agros
1728 2705 1939 2752 vastari

191 2802 252 2845 et
302 2804 426 2857 eos,
486 2792 579 2856 qui
635 2795 793 2855 primi
847 2792 1107 2869 aderant,
1157 2791 1419 2841 Numidas
1472 2792 1685 2853 equites
1732 2788 1937 2855 vident,

187 2894 407 2935 rursum
455 2882 768 2946 Iugurtham
816 2881 1067 2933 arbitrati
1119 2892 1240 2931 cum
1294 2892 1495 2944 magno
1546 2877 1749 2944 gaudio
1784 2878 1935 2929 obvii

289 3142 329 3180 ἱ.
357 3140 500 3191 inmiti]
526 3139 640 3179 multu·
663 3140 718 3178 V.
743 3162 789 3171 -
825 3139 863 3179 4.
889 3137 1068 3189 profuqae'e
1091 3140 1265 3177 inensem
1291 3138 1339 3176 V.
1371 3137 1423 3176 Κ.
1452 3160 1498 3169 -
1534 3136 1573 3176 5.
1603 3148 1655 3174 aa
1678 3146 1776 3174 em
1800 3134 1851 3175 V.
1883 3157 1927 3167 -

184 3212 226 3250 ὅ.
273 3210 376 3261 quod
396 3208 460 3248 5112·
481 3210 533 3248 V.
565 3232 610 3241 -—
658 3210 699 3248 9.
744 3208 905 3247 Vaccae
929 3208 978 3248 V.
1010 3208 1060 3247 G.
1089 3228 1138 3236 —
1189 3206 1252 3245 1⁰.
1295 3205 1397 3243 abiit
1420 3206 1467 3244 V.
1494 3224 1543 3235 -—
1592 3205 1655 3243 22.
1696 3203 1805 3253 1020]
1828 3202 1929 3241 1²⁸1-

187 3280 317 3317 men-io
343 3284 508 3318 anctore
532 3279 582 3318 G.
613 3276 664 3317 Κ.
693 3278 819 3315 latere
845 3276 970 3316 Libri.
997 3276 1125 3316 VO—
1175 3275 1238 3314 u.
1270 3272 1581 3311 animadvertere
1604 3272 1654 3311 V.
1685 3292 1731 3302 -—
1774 3271 1838 3309 ὓ.
1864 3280 1929 3308 res

187 3352 280 3385 erae
305 3346 352 3384 V.

1550 3448 1586 3495 8
