<?xml version="1.0" encoding="UTF-8"?>
<!DOCTYPE html PUBLIC "-//W3C//DTD XHTML 1.0 Transitional//EN"
    "http://www.w3.org/TR/xhtml1/DTD/xhtml1-transitional.dtd">
<html xmlns="http://www.w3.org/1999/xhtml" xml:lang="en" lang="en">
 <head>
  <title>
</title>
<meta http-equiv="Content-Type" content="text/html;charset=utf-8" />
  <meta name='ocr-system' content='tesseract 3.04.00' />
  <meta name='ocr-capabilities' content='ocr_page ocr_carea ocr_par ocr_line ocrx_word'/>
</head>
<body>
  <div class='ocr_page' id='page_1' title='image "./catilinaetiugur00livygoog_0322.png"; bbox 0 0 2525 3925; ppageno 0'>
   <div class='ocr_carea' id='block_1_1' title="bbox 539 358 1748 413">
    <p class='ocr_par' dir='ltr' id='par_1_1' title="bbox 539 358 1748 413">
     <span class='ocr_line' id='line_1_1' title="bbox 539 358 1748 413; baseline -0.001 0"><span class='ocrx_word' id='word_1_1' title='bbox 539 362 648 413; x_wconf 75' lang='lat'><strong>80⁶</strong></span> <span class='ocrx_word' id='word_1_2' title='bbox 1070 358 1435 412; x_wconf 72' lang='lat' dir='ltr'><strong>EPITOMAE</strong></span> <span class='ocrx_word' id='word_1_3' title='bbox 1470 360 1529 411; x_wconf 71' lang='grc' dir='ltr'><strong>Τ.</strong></span> <span class='ocrx_word' id='word_1_4' title='bbox 1567 358 1641 411; x_wconf 79' lang='lat' dir='ltr'><strong>m</strong></span> <span class='ocrx_word' id='word_1_5' title='bbox 1648 362 1748 412; x_wconf 85' lang='lat' dir='ltr'><strong>vn</strong></span> 
     </span>
    </p>
   </div>
   <div class='ocr_carea' id='block_1_2' title="bbox 1171 502 1646 555">
    <p class='ocr_par' dir='ltr' id='par_1_2' title="bbox 1171 502 1646 555">
     <span class='ocr_line' id='line_1_2' title="bbox 1171 502 1646 555; baseline -0.004 0"><span class='ocrx_word' id='word_1_6' title='bbox 1171 506 1404 555; x_wconf 78' lang='lat' dir='ltr'><strong>Liber</strong></span> <span class='ocrx_word' id='word_1_7' title='bbox 1454 502 1646 554; x_wconf 79' lang='lat' dir='ltr'><strong>xcm.</strong></span> 
     </span>
    </p>
   </div>
   <div class='ocr_carea' id='block_1_3' title="bbox 463 609 2361 1723">
    <p class='ocr_par' dir='ltr' id='par_1_3' title="bbox 541 609 2361 847">
     <span class='ocr_line' id='line_1_3' title="bbox 644 609 2288 677; baseline -0.002 -14"><span class='ocrx_word' id='word_1_8' title='bbox 644 616 699 664; x_wconf 84' lang='lat' dir='ltr'><strong>P.</strong></span> <span class='ocrx_word' id='word_1_9' title='bbox 737 612 1005 665; x_wconf 82' lang='lat' dir='ltr'><strong>Servilius</strong></span> <span class='ocrx_word' id='word_1_10' title='bbox 1041 610 1335 674; x_wconf 86' lang='lat' dir='ltr'><strong>proconsul</strong></span> <span class='ocrx_word' id='word_1_11' title='bbox 1370 614 1427 661; x_wconf 89' lang='lat' dir='ltr'><strong>in</strong></span> <span class='ocrx_word' id='word_1_12' title='bbox 1461 609 1659 660; x_wconf 84' lang='lat' dir='ltr'><strong>Cilicia</strong></span> <span class='ocrx_word' id='word_1_13' title='bbox 1695 610 1913 659; x_wconf 79' lang='lat' dir='ltr'><strong>isauros</strong></span> <span class='ocrx_word' id='word_1_14' title='bbox 1957 610 2195 677; x_wconf 85' lang='lat' dir='ltr'><strong>domuit,</strong></span> <span class='ocrx_word' id='word_1_15' title='bbox 2230 614 2288 659; x_wconf 88' lang='lat' dir='ltr'><strong>et</strong></span> 
     </span>
     <span class='ocr_line' id='line_1_4' title="bbox 543 686 2361 765; baseline -0.006 -11"><span class='ocrx_word' id='word_1_16' title='bbox 543 702 757 765; x_wconf 78' lang='lat' dir='ltr'><strong>aliquot</strong></span> <span class='ocrx_word' id='word_1_17' title='bbox 790 701 950 752; x_wconf 88' lang='lat' dir='ltr'><strong>urbes</strong></span> <span class='ocrx_word' id='word_1_18' title='bbox 988 700 1281 761; x_wconf 75' lang='lat' dir='ltr'><strong>piratarum</strong></span> <span class='ocrx_word' id='word_1_19' title='bbox 1310 697 1661 761; x_wconf 80' lang='lat' dir='ltr'><strong>expugnavit.</strong></span> <span class='ocrx_word' id='word_1_20' title='bbox 1734 698 2061 747; x_wconf 82' lang='lat' dir='ltr'><strong>Nicomedes</strong></span> <span class='ocrx_word' id='word_1_21' title='bbox 2090 686 2361 760; x_wconf 78' lang='lat' dir='ltr'><strong>Bithy-⁶⁷⁹</strong></span> 
     </span>
     <span class='ocr_line' id='line_1_5' title="bbox 541 784 2285 847; baseline -0.004 -9"><span class='ocrx_word' id='word_1_22' title='bbox 541 792 667 840; x_wconf 88' lang='lat' dir='ltr'><strong>niae</strong></span> <span class='ocrx_word' id='word_1_23' title='bbox 721 802 820 839; x_wconf 86' lang='lat' dir='ltr'><strong>rex</strong></span> <span class='ocrx_word' id='word_1_24' title='bbox 879 790 1114 837; x_wconf 88' lang='lat' dir='ltr'><strong>moriens</strong></span> <span class='ocrx_word' id='word_1_25' title='bbox 1163 786 1422 847; x_wconf 85' lang='lat' dir='ltr'><strong>populum</strong></span> <span class='ocrx_word' id='word_1_26' title='bbox 1466 784 1767 833; x_wconf 85' lang='lat' dir='ltr'><strong>Romanum</strong></span> <span class='ocrx_word' id='word_1_27' title='bbox 1812 784 1948 833; x_wconf 78' lang='lat' dir='ltr'><strong>fecit</strong></span> <span class='ocrx_word' id='word_1_28' title='bbox 2002 784 2285 845; x_wconf 82' lang='lat' dir='ltr'><strong>heredem,</strong></span> 
     </span>
    </p>

    <p class='ocr_par' dir='ltr' id='par_1_4' title="bbox 504 869 2287 1282">
     <span class='ocr_line' id='line_1_6' title="bbox 504 869 2284 942; baseline -0.005 -13"><span class='ocrx_word' id='word_1_29' title='bbox 504 872 881 942; x_wconf 76' lang='lat' dir='ltr'><strong>5regnumque</strong></span> <span class='ocrx_word' id='word_1_30' title='bbox 927 876 1044 924; x_wconf 83' lang='lat' dir='ltr'><strong>eius</strong></span> <span class='ocrx_word' id='word_1_31' title='bbox 1095 875 1152 922; x_wconf 91' lang='lat' dir='ltr'><strong>in</strong></span> <span class='ocrx_word' id='word_1_32' title='bbox 1196 874 1515 935; x_wconf 86' lang='lat' dir='ltr'><strong>provinciae</strong></span> <span class='ocrx_word' id='word_1_33' title='bbox 1560 871 1790 920; x_wconf 80' lang='lat' dir='ltr'><strong>formam</strong></span> <span class='ocrx_word' id='word_1_34' title='bbox 1840 869 2124 922; x_wconf 88' lang='lat' dir='ltr'><strong>redactum</strong></span> <span class='ocrx_word' id='word_1_35' title='bbox 2180 878 2284 921; x_wconf 87' lang='lat' dir='ltr'><strong>est.</strong></span> 
     </span>
     <span class='ocr_line' id='line_1_7' title="bbox 537 957 2287 1020; baseline -0.005 -4"><span class='ocrx_word' id='word_1_36' title='bbox 537 964 878 1017; x_wconf 75' lang='lat' dir='ltr'><strong>Mithridates</strong></span> <span class='ocrx_word' id='word_1_37' title='bbox 933 961 1154 1011; x_wconf 76' lang='lat' dir='ltr'><strong>foedere</strong></span> <span class='ocrx_word' id='word_1_38' title='bbox 1201 972 1323 1009; x_wconf 82' lang='lat' dir='ltr'><strong>cum</strong></span> <span class='ocrx_word' id='word_1_39' title='bbox 1374 960 1619 1009; x_wconf 81' lang='lat' dir='ltr'><strong>Sertorio</strong></span> <span class='ocrx_word' id='word_1_40' title='bbox 1674 959 1784 1008; x_wconf 87' lang='lat' dir='ltr'><strong>icto</strong></span> <span class='ocrx_word' id='word_1_41' title='bbox 1831 957 2033 1007; x_wconf 87' lang='lat' dir='ltr'><strong>bellum</strong></span> <span class='ocrx_word' id='word_1_42' title='bbox 2081 958 2287 1020; x_wconf 87' lang='lat' dir='ltr'><strong>populo</strong></span> 
     </span>
     <span class='ocr_line' id='line_1_8' title="bbox 539 1045 2285 1110; baseline -0.006 -5"><span class='ocrx_word' id='word_1_43' title='bbox 539 1054 786 1105; x_wconf 79' lang='lat' dir='ltr'><strong>Romano</strong></span> <span class='ocrx_word' id='word_1_44' title='bbox 828 1048 1028 1100; x_wconf 89' lang='lat' dir='ltr'><strong>intulit.</strong></span> <span class='ocrx_word' id='word_1_45' title='bbox 1097 1049 1413 1110; x_wconf 79' lang='lat' dir='ltr'><strong>Apparatus</strong></span> <span class='ocrx_word' id='word_1_46' title='bbox 1456 1045 1651 1095; x_wconf 88' lang='lat' dir='ltr'><strong>deinde</strong></span> <span class='ocrx_word' id='word_1_47' title='bbox 1694 1046 1971 1107; x_wconf 83' lang='lat' dir='ltr'><strong>regiarum</strong></span> <span class='ocrx_word' id='word_1_48' title='bbox 2006 1046 2285 1107; x_wconf 83' lang='lat' dir='ltr'><strong>copiarum</strong></span> 
     </span>
     <span class='ocr_line' id='line_1_9' title="bbox 541 1131 2285 1202; baseline -0.005 -12"><span class='ocrx_word' id='word_1_49' title='bbox 541 1139 872 1202; x_wconf 72' lang='lat' dir='ltr'><strong>pedestrium</strong></span> <span class='ocrx_word' id='word_1_50' title='bbox 905 1135 1311 1197; x_wconf 80' lang='lat' dir='ltr'><strong>navaliumque,</strong></span> <span class='ocrx_word' id='word_1_51' title='bbox 1348 1137 1403 1183; x_wconf 91' lang='lat' dir='ltr'><strong>et</strong></span> <span class='ocrx_word' id='word_1_52' title='bbox 1440 1134 1709 1194; x_wconf 85' lang='lat' dir='ltr'><strong>occupata</strong></span> <span class='ocrx_word' id='word_1_53' title='bbox 1742 1131 2016 1195; x_wconf 76' lang='lat' dir='ltr'><strong>Bithynia,</strong></span> <span class='ocrx_word' id='word_1_54' title='bbox 2054 1135 2129 1181; x_wconf 83' lang='grc' dir='ltr'><strong>Μ.</strong></span> <span class='ocrx_word' id='word_1_55' title='bbox 2166 1135 2285 1181; x_wconf 80' lang='lat' dir='ltr'><strong>An·</strong></span> 
     </span>
     <span class='ocr_line' id='line_1_10' title="bbox 540 1218 2286 1282; baseline -0.004 -6"><span class='ocrx_word' id='word_1_56' title='bbox 540 1226 711 1277; x_wconf 87' lang='lat' dir='ltr'><strong>relius</strong></span> <span class='ocrx_word' id='word_1_57' title='bbox 765 1222 927 1274; x_wconf 79' lang='lat' dir='ltr'><strong>Cotta</strong></span> <span class='ocrx_word' id='word_1_58' title='bbox 977 1221 1168 1272; x_wconf 87' lang='lat' dir='ltr'><strong>consul</strong></span> <span class='ocrx_word' id='word_1_59' title='bbox 1221 1220 1289 1271; x_wconf 89' lang='lat' dir='ltr'><strong>ad</strong></span> <span class='ocrx_word' id='word_1_60' title='bbox 1345 1218 1737 1269; x_wconf 79' lang='lat' dir='ltr'><strong>chalcedonem</strong></span> <span class='ocrx_word' id='word_1_61' title='bbox 1790 1220 2003 1281; x_wconf 88' lang='lat' dir='ltr'><strong>proelio</strong></span> <span class='ocrx_word' id='word_1_62' title='bbox 2060 1232 2096 1269; x_wconf 89' lang='lat' dir='ltr'><strong>a</strong></span> <span class='ocrx_word' id='word_1_63' title='bbox 2151 1231 2286 1282; x_wconf 83' lang='lat' dir='ltr'><strong>rege</strong></span> 
     </span>
    </p>

    <p class='ocr_par' dir='ltr' id='par_1_5' title="bbox 463 1306 2287 1723">
     <span class='ocr_line' id='line_1_11' title="bbox 463 1306 2285 1375; baseline -0.003 -14"><span class='ocrx_word' id='word_1_64' title='bbox 463 1311 531 1361; x_wconf 83' lang='lat'><strong>10</strong></span> <span class='ocrx_word' id='word_1_65' title='bbox 546 1314 754 1375; x_wconf 83' lang='lat' dir='ltr'><strong>victus,</strong></span> <span class='ocrx_word' id='word_1_66' title='bbox 811 1321 1010 1373; x_wconf 87' lang='lat' dir='ltr'><strong>resque</strong></span> <span class='ocrx_word' id='word_1_67' title='bbox 1043 1321 1078 1359; x_wconf 88' lang='lat' dir='ltr'><strong>a</strong></span> <span class='ocrx_word' id='word_1_68' title='bbox 1114 1309 1370 1369; x_wconf 82' lang='lat' dir='ltr'><strong>Pompeio</strong></span> <span class='ocrx_word' id='word_1_69' title='bbox 1424 1311 1481 1356; x_wconf 87' lang='lat' dir='ltr'><strong>et</strong></span> <span class='ocrx_word' id='word_1_70' title='bbox 1514 1306 1741 1357; x_wconf 81' lang='lat' dir='ltr'><strong>Metello</strong></span> <span class='ocrx_word' id='word_1_71' title='bbox 1787 1306 2057 1355; x_wconf 78' lang='lat' dir='ltr'><strong>adversus</strong></span> <span class='ocrx_word' id='word_1_72' title='bbox 2092 1306 2285 1357; x_wconf 83' lang='lat' dir='ltr'><strong>Serto-</strong></span> 
     </span>
     <span class='ocr_line' id='line_1_12' title="bbox 541 1394 2287 1463; baseline -0.004 -12"><span class='ocrx_word' id='word_1_73' title='bbox 541 1402 682 1451; x_wconf 82' lang='lat' dir='ltr'><strong>rium</strong></span> <span class='ocrx_word' id='word_1_74' title='bbox 715 1401 924 1463; x_wconf 80' lang='lat' dir='ltr'><strong>gestae,</strong></span> <span class='ocrx_word' id='word_1_75' title='bbox 973 1398 1067 1461; x_wconf 90' lang='lat' dir='ltr'><strong>qui</strong></span> <span class='ocrx_word' id='word_1_76' title='bbox 1100 1396 1351 1447; x_wconf 78' lang='lat' dir='ltr'><strong>omnibus</strong></span> <span class='ocrx_word' id='word_1_77' title='bbox 1393 1394 1525 1445; x_wconf 87' lang='lat' dir='ltr'><strong>belli</strong></span> <span class='ocrx_word' id='word_1_78' title='bbox 1564 1394 1900 1457; x_wconf 88' lang='lat' dir='ltr'><strong>militiaeque</strong></span> <span class='ocrx_word' id='word_1_79' title='bbox 1935 1395 2149 1445; x_wconf 80' lang='lat' dir='ltr'><strong>artibus</strong></span> <span class='ocrx_word' id='word_1_80' title='bbox 2186 1406 2287 1456; x_wconf 84' lang='lat' dir='ltr'><strong>par</strong></span> 
     </span>
     <span class='ocr_line' id='line_1_13' title="bbox 541 1479 2287 1549; baseline -0.005 -13"><span class='ocrx_word' id='word_1_81' title='bbox 541 1488 664 1537; x_wconf 79' lang='lat' dir='ltr'><strong>fuit.</strong></span> <span class='ocrx_word' id='word_1_82' title='bbox 735 1482 1094 1549; x_wconf 68' lang='lat' dir='ltr'><strong>Quinetiam</strong></span> <span class='ocrx_word' id='word_1_83' title='bbox 1141 1486 1209 1533; x_wconf 83' lang='lat' dir='ltr'><strong>ab</strong></span> <span class='ocrx_word' id='word_1_84' title='bbox 1261 1481 1543 1531; x_wconf 83' lang='lat' dir='ltr'><strong>obsidione</strong></span> <span class='ocrx_word' id='word_1_85' title='bbox 1591 1479 1924 1545; x_wconf 69' lang='lat' dir='ltr'><strong>Calagurris</strong></span> <span class='ocrx_word' id='word_1_86' title='bbox 1952 1482 2140 1542; x_wconf 85' lang='lat' dir='ltr'><strong>oppidi</strong></span> <span class='ocrx_word' id='word_1_87' title='bbox 2190 1480 2287 1529; x_wconf 87' lang='lat' dir='ltr'><strong>de-</strong></span> 
     </span>
     <span class='ocr_line' id='line_1_14' title="bbox 543 1566 2287 1635; baseline -0.003 -14"><span class='ocrx_word' id='word_1_88' title='bbox 543 1572 730 1635; x_wconf 84' lang='lat' dir='ltr'><strong>pulsos</strong></span> <span class='ocrx_word' id='word_1_89' title='bbox 768 1570 962 1633; x_wconf 70' lang='lat' dir='ltr'><strong>coegit.</strong></span> <span class='ocrx_word' id='word_1_90' title='bbox 988 1570 1238 1619; x_wconf 84' lang='lat' dir='ltr'><strong>diversas</strong></span> <span class='ocrx_word' id='word_1_91' title='bbox 1276 1570 1530 1632; x_wconf 79' lang='lat' dir='ltr'><strong>regiones</strong></span> <span class='ocrx_word' id='word_1_92' title='bbox 1570 1573 1777 1631; x_wconf 88' lang='lat' dir='ltr'><strong>petere,</strong></span> <span class='ocrx_word' id='word_1_93' title='bbox 1815 1567 2101 1618; x_wconf 79' lang='lat' dir='ltr'><strong>Metellum</strong></span> <span class='ocrx_word' id='word_1_94' title='bbox 2146 1566 2287 1619; x_wconf 84' lang='lat' dir='ltr'><strong>ulte-</strong></span> 
     </span>
     <span class='ocr_line' id='line_1_15' title="bbox 543 1654 1764 1723; baseline -0.006 -13"><span class='ocrx_word' id='word_1_95' title='bbox 543 1662 743 1711; x_wconf 88' lang='lat' dir='ltr'><strong>riorem</strong></span> <span class='ocrx_word' id='word_1_96' title='bbox 779 1658 1124 1723; x_wconf 78' lang='lat' dir='ltr'><strong>Hispaniam,</strong></span> <span class='ocrx_word' id='word_1_97' title='bbox 1161 1656 1477 1717; x_wconf 84' lang='lat' dir='ltr'><strong>Pompeium</strong></span> <span class='ocrx_word' id='word_1_98' title='bbox 1512 1654 1764 1705; x_wconf 75' lang='lat' dir='ltr'><strong>Galliam.</strong></span> 
     </span>
    </p>
   </div>
   <div class='ocr_carea' id='block_1_4' title="bbox 467 1814 1648 1877">
    <p class='ocr_par' dir='ltr' id='par_1_6' title="bbox 467 1814 1648 1877">
     <span class='ocr_line' id='line_1_16' title="bbox 467 1814 1648 1877; baseline -0.009 0"><span class='ocrx_word' id='word_1_99' title='bbox 467 1826 535 1877; x_wconf 78' lang='lat'><strong>15</strong></span> <span class='ocrx_word' id='word_1_100' title='bbox 1180 1822 1416 1871; x_wconf 79' lang='lat' dir='ltr'><strong>Liber</strong></span> <span class='ocrx_word' id='word_1_101' title='bbox 1460 1814 1648 1869; x_wconf 75' lang='lat' dir='ltr'><strong>xciv.</strong></span> 
     </span>
    </p>
   </div>
   <div class='ocr_carea' id='block_1_5' title="bbox 473 1923 2357 2514">
    <p class='ocr_par' dir='ltr' id='par_1_7' title="bbox 543 1923 2357 2253">
     <span class='ocr_line' id='line_1_17' title="bbox 645 1923 2357 1984; baseline -0.005 0"><span class='ocrx_word' id='word_1_102' title='bbox 645 1932 710 1984; x_wconf 78' lang='lat' dir='ltr'><strong>L.</strong></span> <span class='ocrx_word' id='word_1_103' title='bbox 749 1929 995 1982; x_wconf 80' lang='lat' dir='ltr'><strong>Licinius</strong></span> <span class='ocrx_word' id='word_1_104' title='bbox 1039 1926 1309 1980; x_wconf 81' lang='lat' dir='ltr'><strong>Lucullus</strong></span> <span class='ocrx_word' id='word_1_105' title='bbox 1358 1924 1553 1978; x_wconf 86' lang='lat' dir='ltr'><strong>consul</strong></span> <span class='ocrx_word' id='word_1_106' title='bbox 1605 1923 1873 1975; x_wconf 84' lang='lat' dir='ltr'><strong>adversus</strong></span> <span class='ocrx_word' id='word_1_107' title='bbox 1916 1924 2357 1977; x_wconf 77' lang='lat' dir='ltr'><strong>Mithridatem⁶⁸⁰</strong></span> 
     </span>
     <span class='ocr_line' id='line_1_18' title="bbox 544 2014 2287 2080; baseline -0.002 -12"><span class='ocrx_word' id='word_1_108' title='bbox 544 2020 886 2080; x_wconf 85' lang='lat' dir='ltr'><strong>equestribus</strong></span> <span class='ocrx_word' id='word_1_109' title='bbox 922 2015 1148 2080; x_wconf 88' lang='lat' dir='ltr'><strong>proeliis</strong></span> <span class='ocrx_word' id='word_1_110' title='bbox 1185 2015 1428 2064; x_wconf 80' lang='lat' dir='ltr'><strong>feliciter</strong></span> <span class='ocrx_word' id='word_1_111' title='bbox 1473 2014 1766 2080; x_wconf 80' lang='lat' dir='ltr'><strong>pugnavit,</strong></span> <span class='ocrx_word' id='word_1_112' title='bbox 1816 2015 1873 2060; x_wconf 86' lang='lat' dir='ltr'><strong>et</strong></span> <span class='ocrx_word' id='word_1_113' title='bbox 1909 2016 2287 2074; x_wconf 82' lang='lat' dir='ltr'><strong>expeditiones</strong></span> 
     </span>
     <span class='ocr_line' id='line_1_19' title="bbox 543 2103 2288 2166; baseline 0 -13"><span class='ocrx_word' id='word_1_114' title='bbox 543 2103 758 2165; x_wconf 80' lang='lat' dir='ltr'><strong>aliquot</strong></span> <span class='ocrx_word' id='word_1_115' title='bbox 792 2115 1083 2166; x_wconf 87' lang='lat' dir='ltr'><strong>prosperas</strong></span> <span class='ocrx_word' id='word_1_116' title='bbox 1117 2103 1281 2164; x_wconf 78' lang='lat' dir='ltr'><strong>fecit,</strong></span> <span class='ocrx_word' id='word_1_117' title='bbox 1316 2104 1709 2164; x_wconf 77' lang='lat' dir='ltr'><strong>poscentesque</strong></span> <span class='ocrx_word' id='word_1_118' title='bbox 1741 2110 1975 2163; x_wconf 83' lang='lat' dir='ltr'><strong>pugnam</strong></span> <span class='ocrx_word' id='word_1_119' title='bbox 2010 2103 2220 2152; x_wconf 87' lang='lat' dir='ltr'><strong>milites</strong></span> <span class='ocrx_word' id='word_1_120' title='bbox 2252 2116 2288 2152; x_wconf 87' lang='lat' dir='ltr'><strong>a</strong></span> 
     </span>
     <span class='ocr_line' id='line_1_20' title="bbox 545 2187 2289 2253; baseline 0.001 -15"><span class='ocrx_word' id='word_1_121' title='bbox 545 2188 816 2239; x_wconf 82' lang='lat' dir='ltr'><strong>seditione</strong></span> <span class='ocrx_word' id='word_1_122' title='bbox 861 2190 1107 2239; x_wconf 80' lang='lat' dir='ltr'><strong>inhibuit.</strong></span> <span class='ocrx_word' id='word_1_123' title='bbox 1179 2189 1471 2238; x_wconf 86' lang='lat' dir='ltr'><strong>Deiotarus</strong></span> <span class='ocrx_word' id='word_1_124' title='bbox 1514 2187 1937 2253; x_wconf 76' lang='lat' dir='ltr'><strong>Gallograeciae</strong></span> <span class='ocrx_word' id='word_1_125' title='bbox 1983 2191 2289 2240; x_wconf 80' lang='lat' dir='ltr'><strong>tetrarches</strong></span> 
     </span>
    </p>

    <p class='ocr_par' dir='ltr' id='par_1_8' title="bbox 473 2273 2289 2514">
     <span class='ocr_line' id='line_1_21' title="bbox 473 2273 2289 2340; baseline 0.001 -16"><span class='ocrx_word' id='word_1_126' title='bbox 473 2274 856 2337; x_wconf 69' lang='lat' dir='ltr'><strong>zopmerectos</strong></span> <span class='ocrx_word' id='word_1_127' title='bbox 888 2275 1220 2326; x_wconf 79' lang='lat' dir='ltr'><strong>Mithridatis</strong></span> <span class='ocrx_word' id='word_1_128' title='bbox 1263 2273 1473 2330; x_wconf 73' lang='lat' dir='ltr'><strong>benum,</strong></span> <span class='ocrx_word' id='word_1_129' title='bbox 1500 2276 1561 2324; x_wconf 91' lang='lat' dir='ltr'><strong>in</strong></span> <span class='ocrx_word' id='word_1_130' title='bbox 1594 2276 1835 2340; x_wconf 77' lang='lat' dir='ltr'><strong>Phrygia</strong></span> <span class='ocrx_word' id='word_1_131' title='bbox 1870 2280 2159 2326; x_wconf 85' lang='lat' dir='ltr'><strong>moventes</strong></span> <span class='ocrx_word' id='word_1_132' title='bbox 2194 2289 2289 2326; x_wconf 78' lang='lat' dir='ltr'><strong>ce·-</strong></span> 
     </span>
     <span class='ocr_line' id='line_1_22' title="bbox 545 2361 2287 2428; baseline -0.001 -15"><span class='ocrx_word' id='word_1_133' title='bbox 545 2364 694 2414; x_wconf 85' lang='lat' dir='ltr'><strong>cidit.</strong></span> <span class='ocrx_word' id='word_1_134' title='bbox 771 2365 1065 2414; x_wconf 84' lang='lat' dir='ltr'><strong>Praeterea</strong></span> <span class='ocrx_word' id='word_1_135' title='bbox 1109 2376 1201 2414; x_wconf 85' lang='lat' dir='ltr'><strong>res</strong></span> <span class='ocrx_word' id='word_1_136' title='bbox 1239 2376 1277 2413; x_wconf 86' lang='lat' dir='ltr'><strong>a</strong></span> <span class='ocrx_word' id='word_1_137' title='bbox 1310 2361 1408 2413; x_wconf 85' lang='lat' dir='ltr'><strong>Cn.</strong></span> <span class='ocrx_word' id='word_1_138' title='bbox 1442 2363 1699 2426; x_wconf 82' lang='lat' dir='ltr'><strong>Pompeio</strong></span> <span class='ocrx_word' id='word_1_139' title='bbox 1747 2365 1803 2412; x_wconf 89' lang='lat' dir='ltr'><strong>in</strong></span> <span class='ocrx_word' id='word_1_140' title='bbox 1840 2363 2105 2428; x_wconf 80' lang='lat' dir='ltr'><strong>Hispania</strong></span> <span class='ocrx_word' id='word_1_141' title='bbox 2154 2375 2287 2414; x_wconf 87' lang='lat' dir='ltr'><strong>con-</strong></span> 
     </span>
     <span class='ocr_line' id='line_1_23' title="bbox 544 2451 1789 2514; baseline 0 -14"><span class='ocrx_word' id='word_1_142' title='bbox 544 2457 632 2502; x_wconf 83' lang='lat' dir='ltr'><strong>tra</strong></span> <span class='ocrx_word' id='word_1_143' title='bbox 665 2451 965 2503; x_wconf 80' lang='lat' dir='ltr'><strong>Sertorium</strong></span> <span class='ocrx_word' id='word_1_144' title='bbox 1010 2463 1272 2514; x_wconf 82' lang='lat' dir='ltr'><strong>prospere</strong></span> <span class='ocrx_word' id='word_1_145' title='bbox 1306 2453 1493 2514; x_wconf 82' lang='lat' dir='ltr'><strong>gestas</strong></span> <span class='ocrx_word' id='word_1_146' title='bbox 1529 2452 1789 2500; x_wconf 85' lang='lat' dir='ltr'><strong>continet.</strong></span> 
     </span>
    </p>
   </div>
   <div class='ocr_carea' id='block_1_6' title="bbox 1192 2612 1641 2665">
    <p class='ocr_par' dir='ltr' id='par_1_9' title="bbox 1192 2612 1641 2665">
     <span class='ocr_line' id='line_1_24' title="bbox 1192 2612 1641 2665; baseline -0.002 -1"><span class='ocrx_word' id='word_1_147' title='bbox 1192 2616 1428 2665; x_wconf 76' lang='lat' dir='ltr'><strong>Liber</strong></span> <span class='ocrx_word' id='word_1_148' title='bbox 1480 2612 1641 2664; x_wconf 82' lang='lat' dir='ltr'><strong>XCV.</strong></span> 
     </span>
    </p>
   </div>
   <div class='ocr_carea' id='block_1_7' title="bbox 469 2718 2484 2961">
    <p class='ocr_par' dir='ltr' id='par_1_10' title="bbox 469 2718 2484 2961">
     <span class='ocr_line' id='line_1_25' title="bbox 469 2718 2289 2783; baseline 0.002 -15"><span class='ocrx_word' id='word_1_149' title='bbox 469 2721 534 2768; x_wconf 75' lang='lat'><strong>85</strong></span> <span class='ocrx_word' id='word_1_150' title='bbox 655 2719 715 2772; x_wconf 82' lang='lat' dir='ltr'><strong>G.</strong></span> <span class='ocrx_word' id='word_1_151' title='bbox 775 2718 937 2771; x_wconf 83' lang='lat' dir='ltr'><strong>Curio</strong></span> <span class='ocrx_word' id='word_1_152' title='bbox 989 2720 1286 2783; x_wconf 83' lang='lat' dir='ltr'><strong>proconsul</strong></span> <span class='ocrx_word' id='word_1_153' title='bbox 1333 2719 1620 2770; x_wconf 86' lang='lat' dir='ltr'><strong>Dardanos</strong></span> <span class='ocrx_word' id='word_1_154' title='bbox 1667 2722 1723 2769; x_wconf 89' lang='lat' dir='ltr'><strong>in</strong></span> <span class='ocrx_word' id='word_1_155' title='bbox 1777 2722 2015 2772; x_wconf 73' lang='lat' dir='ltr'><strong>Thracia</strong></span> <span class='ocrx_word' id='word_1_156' title='bbox 2066 2724 2289 2772; x_wconf 85' lang='lat' dir='ltr'><strong>domuit.</strong></span> 
     </span>
     <span class='ocr_line' id='line_1_26' title="bbox 545 2801 2484 2882; baseline 0.002 -26"><span class='ocrx_word' id='word_1_157' title='bbox 545 2803 817 2870; x_wconf 77' lang='lat' dir='ltr'><strong>Quattuor</strong></span> <span class='ocrx_word' id='word_1_158' title='bbox 867 2801 924 2858; x_wconf 83' lang='lat' dir='ltr'><strong>&#39;et</strong></span> <span class='ocrx_word' id='word_1_159' title='bbox 976 2809 1326 2870; x_wconf 85' lang='lat' dir='ltr'><strong>septuaginta</strong></span> <span class='ocrx_word' id='word_1_160' title='bbox 1378 2807 1716 2870; x_wconf 78' lang='lat' dir='ltr'><strong>gladiatores</strong></span> <span class='ocrx_word' id='word_1_161' title='bbox 1764 2806 1981 2872; x_wconf 85' lang='lat' dir='ltr'><strong>Capuae</strong></span> <span class='ocrx_word' id='word_1_162' title='bbox 2033 2821 2104 2859; x_wconf 81' lang='lat' dir='ltr'><strong>ex</strong></span> <span class='ocrx_word' id='word_1_163' title='bbox 2157 2811 2357 2860; x_wconf 61' lang='lat' dir='ltr'><strong>iudom</strong></span> <span class='ocrx_word' id='word_1_164' title='bbox 2483 2873 2484 2882; x_wconf 9' lang='grc' dir='ltr'>ἵ</span> 
     </span>
     <span class='ocr_line' id='line_1_27' title="bbox 541 2893 2484 2961; baseline 0.003 -20"><span class='ocrx_word' id='word_1_165' title='bbox 541 2893 767 2944; x_wconf 81' lang='lat' dir='ltr'><strong>Lentuli</strong></span> <span class='ocrx_word' id='word_1_166' title='bbox 813 2897 1203 2959; x_wconf 78' lang='lat' dir='ltr'><strong>profugerunt,</strong></span> <span class='ocrx_word' id='word_1_167' title='bbox 1258 2899 1317 2944; x_wconf 89' lang='lat' dir='ltr'><strong>et</strong></span> <span class='ocrx_word' id='word_1_168' title='bbox 1366 2899 1701 2960; x_wconf 85' lang='lat' dir='ltr'><strong>congregata</strong></span> <span class='ocrx_word' id='word_1_169' title='bbox 1734 2897 2084 2947; x_wconf 82' lang='lat' dir='ltr'><strong>servitiorum</strong></span> <span class='ocrx_word' id='word_1_170' title='bbox 2121 2909 2289 2961; x_wconf 87' lang='lat' dir='ltr'><strong>erga—</strong></span> <span class='ocrx_word' id='word_1_171' title='bbox 2482 2903 2484 2957; x_wconf 67' lang='lat' dir='ltr'><em>A</em></span> 
     </span>
    </p>
   </div>
   <div class='ocr_carea' id='block_1_8' title="bbox 546 3031 932 3044">
    <p class='ocr_par' dir='ltr' id='par_1_11' title="bbox 546 3031 932 3044">
     <span class='ocr_line' id='line_1_28' title="bbox 546 3031 932 3044; baseline 0 881"><span class='ocrx_word' id='word_1_172' title='bbox 546 3031 932 3044; x_wconf 95' lang='lat' dir='ltr'><strong> </strong></span> 
     </span>
    </p>
   </div>
   <div class='ocr_carea' id='block_1_9' title="bbox 541 3113 2287 3359">
    <p class='ocr_par' dir='ltr' id='par_1_12' title="bbox 541 3113 2287 3359">
     <span class='ocr_line' id='line_1_29' title="bbox 638 3113 2283 3168; baseline 0.004 -16"><span class='ocrx_word' id='word_1_173' title='bbox 638 3114 680 3153; x_wconf 66' lang='grc' dir='ltr'><strong>ἱ.</strong></span> <span class='ocrx_word' id='word_1_174' title='bbox 716 3113 767 3154; x_wconf 84' lang='grc' dir='ltr'><strong>Ρ.</strong></span> <span class='ocrx_word' id='word_1_175' title='bbox 795 3114 1012 3166; x_wconf 64' lang='grc' dir='ltr'><strong>δον-ναίω]</strong></span> <span class='ocrx_word' id='word_1_176' title='bbox 1045 3117 1107 3156; x_wconf 83' lang='lat' dir='ltr'><strong>De</strong></span> <span class='ocrx_word' id='word_1_177' title='bbox 1132 3119 1286 3156; x_wconf 74' lang='lat' dir='ltr'><strong>isauris</strong></span> <span class='ocrx_word' id='word_1_178' title='bbox 1322 3117 1588 3167; x_wconf 75' lang='lat' dir='ltr'><strong>triumphavit</strong></span> <span class='ocrx_word' id='word_1_179' title='bbox 1621 3129 1657 3156; x_wconf 78' lang='lat' dir='ltr'><strong>a.</strong></span> <span class='ocrx_word' id='word_1_180' title='bbox 1689 3131 1727 3157; x_wconf 91' lang='lat' dir='ltr'><strong>u.</strong></span> <span class='ocrx_word' id='word_1_181' title='bbox 1757 3129 1792 3157; x_wconf 86' lang='lat' dir='ltr'><strong>c.</strong></span> <span class='ocrx_word' id='word_1_182' title='bbox 1820 3117 1908 3158; x_wconf 69' lang='lat' dir='ltr'><strong>esi.</strong></span> <span class='ocrx_word' id='word_1_183' title='bbox 1948 3140 1995 3150; x_wconf 93' lang='lat'><em>-</em></span> <span class='ocrx_word' id='word_1_184' title='bbox 2046 3117 2109 3158; x_wconf 79' lang='grc'><strong>10.</strong></span> <span class='ocrx_word' id='word_1_185' title='bbox 2138 3121 2283 3168; x_wconf 67' lang='lat' dir='ltr'><strong>vicem,</strong></span> 
     </span>
     <span class='ocr_line' id='line_1_30' title="bbox 541 3183 2285 3235; baseline 0.003 -16"><span class='ocrx_word' id='word_1_186' title='bbox 541 3193 683 3232; x_wconf 73' lang='lat' dir='ltr'><strong>resque</strong></span> <span class='ocrx_word' id='word_1_187' title='bbox 707 3201 728 3212; x_wconf 91' lang='lat'>-</span> <span class='ocrx_word' id='word_1_188' title='bbox 755 3201 774 3211; x_wconf 93' lang='lat'>-</span> <span class='ocrx_word' id='word_1_189' title='bbox 797 3188 946 3229; x_wconf 59' lang='lat' dir='ltr'><strong>senece,</strong></span> <span class='ocrx_word' id='word_1_190' title='bbox 974 3183 1064 3235; x_wconf 69' lang='lat' dir='ltr'><strong>qui]</strong></span> <span class='ocrx_word' id='word_1_191' title='bbox 1091 3197 1114 3223; x_wconf 81' lang='lat' dir='ltr'><strong>e</strong></span> <span class='ocrx_word' id='word_1_192' title='bbox 1140 3184 1269 3224; x_wconf 77' lang='lat' dir='ltr'><strong>cndd.</strong></span> <span class='ocrx_word' id='word_1_193' title='bbox 1299 3185 1489 3233; x_wconf 74' lang='lat' dir='ltr'><strong>vestigiis</strong></span> <span class='ocrx_word' id='word_1_194' title='bbox 1514 3189 1557 3222; x_wconf 76' lang='lat' dir='ltr'><strong>et</strong></span> <span class='ocrx_word' id='word_1_195' title='bbox 1582 3183 1631 3222; x_wconf 80' lang='lat' dir='ltr'><strong>de</strong></span> <span class='ocrx_word' id='word_1_196' title='bbox 1654 3185 1976 3224; x_wconf 77' lang='lat' dir='ltr'><strong>Drakenborchii</strong></span> <span class='ocrx_word' id='word_1_197' title='bbox 2004 3186 2025 3224; x_wconf 77' lang='lat' dir='ltr'><strong>i·</strong></span> <span class='ocrx_word' id='word_1_198' title='bbox 2021 3197 2187 3225; x_wconf 69' lang='lat' dir='ltr'><strong>eeeee</strong></span> <span class='ocrx_word' id='word_1_199' title='bbox 2190 3194 2285 3226; x_wconf 74' lang='lat' dir='ltr'><strong>ten-</strong></span> 
     </span>
     <span class='ocr_line' id='line_1_31' title="bbox 541 3247 2287 3301; baseline 0.002 -11"><span class='ocrx_word' id='word_1_200' title='bbox 541 3251 600 3290; x_wconf 69' lang='lat' dir='ltr'><strong>ii·</strong></span> <span class='ocrx_word' id='word_1_201' title='bbox 625 3247 867 3290; x_wconf 71' lang='lat' dir='ltr'><strong>Bekkcruut</strong></span> <span class='ocrx_word' id='word_1_202' title='bbox 903 3252 1031 3290; x_wconf 70' lang='lat' dir='ltr'><strong>viem</strong></span> <span class='ocrx_word' id='word_1_203' title='bbox 1057 3257 1127 3292; x_wconf 71' lang='lat' dir='ltr'><strong>ece.</strong></span> <span class='ocrx_word' id='word_1_204' title='bbox 1179 3251 1338 3301; x_wconf 69' lang='lat' dir='ltr'><strong>Resque</strong></span> <span class='ocrx_word' id='word_1_205' title='bbox 1363 3271 1383 3280; x_wconf 92' lang='lat'><strong>·</strong></span> <span class='ocrx_word' id='word_1_206' title='bbox 1419 3270 1439 3280; x_wconf 91' lang='lat'>-</span> <span class='ocrx_word' id='word_1_207' title='bbox 1477 3255 1610 3297; x_wconf 66' lang='lat' dir='ltr'><strong>geom</strong></span> <span class='ocrx_word' id='word_1_208' title='bbox 1632 3253 1804 3290; x_wconf 66' lang='lat' dir='ltr'><strong>continuet</strong></span> <span class='ocrx_word' id='word_1_209' title='bbox 1806 3267 1829 3300; x_wconf 73' lang='lat'><strong>,-</strong></span> <span class='ocrx_word' id='word_1_210' title='bbox 1866 3255 1935 3301; x_wconf 70' lang='grc' dir='ltr'><strong>φη·</strong></span> <span class='ocrx_word' id='word_1_211' title='bbox 1958 3251 2287 3293; x_wconf 71' lang='lat' dir='ltr'><strong>nnkenborehii</strong></span> 
     </span>
     <span class='ocr_line' id='line_1_32' title="bbox 542 3319 679 3359; baseline -0.015 1"><span class='ocrx_word' id='word_1_212' title='bbox 542 3319 679 3359; x_wconf 71' lang='lat' dir='ltr'><strong>editio.</strong></span> 
     </span>
    </p>
   </div>
   <div class='ocr_carea' id='block_1_10' title="bbox 2479 3349 2485 3877">
    <p class='ocr_par' dir='ltr' id='par_1_13' title="bbox 2479 3349 2485 3877">
     <span class='ocr_line' id='line_1_33' title="bbox 2479 3349 2485 3877; baseline 0 0"><span class='ocrx_word' id='word_1_213' title='bbox 2479 3349 2485 3877; x_wconf 95' lang='lat' dir='ltr'><strong> </strong></span> 
     </span>
    </p>
   </div>
  </div>
 </body>
</html>
