<?xml version="1.0" encoding="UTF-8"?>
<!DOCTYPE html PUBLIC "-//W3C//DTD XHTML 1.0 Transitional//EN"
    "http://www.w3.org/TR/xhtml1/DTD/xhtml1-transitional.dtd">
<html xmlns="http://www.w3.org/1999/xhtml" xml:lang="en" lang="en">
 <head>
  <title>
</title>
<meta http-equiv="Content-Type" content="text/html;charset=utf-8" />
  <meta name='ocr-system' content='tesseract 3.04.00' />
  <meta name='ocr-capabilities' content='ocr_page ocr_carea ocr_par ocr_line ocrx_word'/>
</head>
<body>
  <div class='ocr_page' id='page_1' title='image "./catilinaetiugur00livygoog_0159.png"; bbox 0 0 2525 3925; ppageno 0'>
   <div class='ocr_carea' id='block_1_1' title="bbox 637 312 1930 366">
    <p class='ocr_par' dir='ltr' id='par_1_1' title="bbox 637 312 1930 366">
     <span class='ocr_line' id='line_1_1' title="bbox 637 312 1930 366; baseline 0.002 -3"><span class='ocrx_word' id='word_1_1' title='bbox 637 312 929 365; x_wconf 74' lang='lat' dir='ltr'><strong>BELnUM</strong></span> <span class='ocrx_word' id='word_1_2' title='bbox 962 312 1400 365; x_wconf 64' lang='lat' dir='ltr'><strong>menarumu</strong></span> <span class='ocrx_word' id='word_1_3' title='bbox 1403 317 1473 365; x_wconf 86' lang='grc' dir='ltr'><strong>Μ.</strong></span> <span class='ocrx_word' id='word_1_4' title='bbox 1827 315 1930 366; x_wconf 77' lang='lat'><strong>14³</strong></span> 
     </span>
    </p>
   </div>
   <div class='ocr_carea' id='block_1_2' title="bbox 166 459 2029 3156">
    <p class='ocr_par' dir='ltr' id='par_1_2' title="bbox 166 459 2029 3156">
     <span class='ocr_line' id='line_1_2' title="bbox 178 459 1930 526; baseline 0.001 -15"><span class='ocrx_word' id='word_1_5' title='bbox 178 462 305 511; x_wconf 87' lang='lat' dir='ltr'><strong>dem</strong></span> <span class='ocrx_word' id='word_1_6' title='bbox 340 459 639 521; x_wconf 84' lang='lat' dir='ltr'><strong>obperitur.</strong></span> <span class='ocrx_word' id='word_1_7' title='bbox 692 462 777 509; x_wconf 83' lang='lat' dir='ltr'><strong>Ita</strong></span> <span class='ocrx_word' id='word_1_8' title='bbox 796 461 1111 523; x_wconf 73' lang='lat' dir='ltr'><strong>logui-tham</strong></span> <span class='ocrx_word' id='word_1_9' title='bbox 1144 471 1270 522; x_wconf 85' lang='lat' dir='ltr'><strong>spes</strong></span> <span class='ocrx_word' id='word_1_10' title='bbox 1305 460 1586 526; x_wconf 78' lang='lat' dir='ltr'><strong>frustrata,</strong></span> <span class='ocrx_word' id='word_1_11' title='bbox 1625 461 1720 521; x_wconf 86' lang='lat' dir='ltr'><strong>qui</strong></span> <span class='ocrx_word' id='word_1_12' title='bbox 1745 463 1930 524; x_wconf 83' lang='lat' dir='ltr'><strong>copias</strong></span> 
     </span>
     <span class='ocr_line' id='line_1_3' title="bbox 177 546 1930 611; baseline 0.001 -14"><span class='ocrx_word' id='word_1_13' title='bbox 177 551 239 597; x_wconf 77' lang='lat' dir='ltr'><strong>in</strong></span> <span class='ocrx_word' id='word_1_14' title='bbox 278 551 529 611; x_wconf 85' lang='lat' dir='ltr'><strong>quattuor</strong></span> <span class='ocrx_word' id='word_1_15' title='bbox 561 548 736 609; x_wconf 83' lang='lat' dir='ltr'><strong>partis</strong></span> <span class='ocrx_word' id='word_1_16' title='bbox 772 546 1145 610; x_wconf 80' lang='lat' dir='ltr'>distribuerat,</span> <span class='ocrx_word' id='word_1_17' title='bbox 1180 552 1335 597; x_wconf 86' lang='lat' dir='ltr'><strong>ratus</strong></span> <span class='ocrx_word' id='word_1_18' title='bbox 1367 560 1438 597; x_wconf 87' lang='lat' dir='ltr'><strong>ex</strong></span> <span class='ocrx_word' id='word_1_19' title='bbox 1471 548 1722 597; x_wconf 76' lang='lat' dir='ltr'><strong>omnihus</strong></span> <span class='ocrx_word' id='word_1_20' title='bbox 1756 560 1930 611; x_wconf 82' lang='lat' dir='ltr'><strong>aeque</strong></span> 
     </span>
     <span class='ocr_line' id='line_1_4' title="bbox 183 634 1932 703; baseline 0.001 -17"><span class='ocrx_word' id='word_1_21' title='bbox 183 635 405 698; x_wconf 84' lang='lat' dir='ltr'><strong>aliquos</strong></span> <span class='ocrx_word' id='word_1_22' title='bbox 428 639 495 687; x_wconf 85' lang='lat' dir='ltr'><strong>ab</strong></span> <span class='ocrx_word' id='word_1_23' title='bbox 522 639 681 699; x_wconf 84' lang='lat' dir='ltr'><strong>tergo</strong></span> <span class='ocrx_word' id='word_1_24' title='bbox 715 635 961 685; x_wconf 77' lang='lat' dir='ltr'><strong>hostibus</strong></span> <span class='ocrx_word' id='word_1_25' title='bbox 988 638 1263 684; x_wconf 88' lang='lat' dir='ltr'><strong>venturos.</strong></span> <span class='ocrx_word' id='word_1_26' title='bbox 1317 637 1538 685; x_wconf 80' lang='lat' dir='ltr'><strong>Interim</strong></span> <span class='ocrx_word' id='word_1_27' title='bbox 1561 634 1736 703; x_wconf 83' lang='lat' dir='ltr'><strong>Sulla,</strong></span> <span class='ocrx_word' id='word_1_28' title='bbox 1774 649 1932 699; x_wconf 87' lang='lat' dir='ltr'><strong>quem</strong></span> 
     </span>
     <span class='ocr_line' id='line_1_5' title="bbox 184 724 1934 787; baseline 0.001 -14"><span class='ocrx_word' id='word_1_29' title='bbox 184 726 418 786; x_wconf 81' lang='lat' dir='ltr'><strong>primum</strong></span> <span class='ocrx_word' id='word_1_30' title='bbox 453 725 636 773; x_wconf 88' lang='lat' dir='ltr'><strong>hostes</strong></span> <span class='ocrx_word' id='word_1_31' title='bbox 673 724 1003 787; x_wconf 69' lang='lat' dir='ltr'><strong>adtigeram,</strong></span> <span class='ocrx_word' id='word_1_32' title='bbox 1038 724 1352 773; x_wconf 78' lang='lat' dir='ltr'><strong>cohortatus</strong></span> <span class='ocrx_word' id='word_1_33' title='bbox 1389 735 1537 785; x_wconf 86' lang='lat' dir='ltr'><strong>suos,</strong></span> <span class='ocrx_word' id='word_1_34' title='bbox 1575 725 1846 774; x_wconf 78' lang='lat' dir='ltr'><strong>turmatim</strong></span> <span class='ocrx_word' id='word_1_35' title='bbox 1877 727 1934 775; x_wconf 84' lang='lat' dir='ltr'><strong>et</strong></span> 
     </span>
     <span class='ocr_line' id='line_1_6' title="bbox 186 810 1974 873; baseline 0.003 -14"><span class='ocrx_word' id='word_1_36' title='bbox 186 824 347 873; x_wconf 88' lang='lat' dir='ltr'><strong>quam</strong></span> <span class='ocrx_word' id='word_1_37' title='bbox 384 823 629 860; x_wconf 87' lang='lat' dir='ltr'><strong>maxume</strong></span> <span class='ocrx_word' id='word_1_38' title='bbox 679 810 945 860; x_wconf 79' lang='lat' dir='ltr'><strong>confertis</strong></span> <span class='ocrx_word' id='word_1_39' title='bbox 992 811 1147 873; x_wconf 86' lang='lat' dir='ltr'><strong>equis</strong></span> <span class='ocrx_word' id='word_1_40' title='bbox 1183 812 1301 872; x_wconf 87' lang='lat' dir='ltr'><strong>ipse</strong></span> <span class='ocrx_word' id='word_1_41' title='bbox 1351 810 1552 872; x_wconf 82' lang='lat' dir='ltr'><strong>aliique</strong></span> <span class='ocrx_word' id='word_1_42' title='bbox 1587 814 1810 861; x_wconf 84' lang='lat' dir='ltr'><strong>Mauros</strong></span> <span class='ocrx_word' id='word_1_43' title='bbox 1843 814 1974 865; x_wconf 89' lang='lat' dir='ltr'><strong>in-5</strong></span> 
     </span>
     <span class='ocr_line' id='line_1_7' title="bbox 186 898 1934 965; baseline 0.001 -18"><span class='ocrx_word' id='word_1_44' title='bbox 186 900 413 965; x_wconf 82' lang='lat' dir='ltr'><strong>vadunt,</strong></span> <span class='ocrx_word' id='word_1_45' title='bbox 448 900 617 949; x_wconf 84' lang='lat' dir='ltr'><strong>ceteri</strong></span> <span class='ocrx_word' id='word_1_46' title='bbox 640 900 699 947; x_wconf 90' lang='lat' dir='ltr'><strong>in</strong></span> <span class='ocrx_word' id='word_1_47' title='bbox 729 898 857 947; x_wconf 90' lang='lat' dir='ltr'><strong>loco</strong></span> <span class='ocrx_word' id='word_1_48' title='bbox 880 902 1159 947; x_wconf 85' lang='lat' dir='ltr'><strong>manentes</strong></span> <span class='ocrx_word' id='word_1_49' title='bbox 1184 898 1251 947; x_wconf 87' lang='lat' dir='ltr'><strong>ab</strong></span> <span class='ocrx_word' id='word_1_50' title='bbox 1272 898 1468 947; x_wconf 87' lang='lat' dir='ltr'><strong>iaculis</strong></span> <span class='ocrx_word' id='word_1_51' title='bbox 1492 901 1700 948; x_wconf 87' lang='lat' dir='ltr'><strong>eminus</strong></span> <span class='ocrx_word' id='word_1_52' title='bbox 1723 901 1934 949; x_wconf 78' lang='lat' dir='ltr'>emissis</span> 
     </span>
     <span class='ocr_line' id='line_1_8' title="bbox 186 987 2029 1053; baseline 0 -18"><span class='ocrx_word' id='word_1_53' title='bbox 186 999 425 1049; x_wconf 84' lang='lat' dir='ltr'><strong>corpora</strong></span> <span class='ocrx_word' id='word_1_54' title='bbox 458 989 651 1051; x_wconf 83' lang='lat' dir='ltr'><strong>tegere</strong></span> <span class='ocrx_word' id='word_1_55' title='bbox 685 989 770 1053; x_wconf 88' lang='lat' dir='ltr'><strong>et,</strong></span> <span class='ocrx_word' id='word_1_56' title='bbox 820 988 869 1035; x_wconf 89' lang='lat' dir='ltr'><strong>si</strong></span> <span class='ocrx_word' id='word_1_57' title='bbox 910 988 1004 1049; x_wconf 88' lang='lat' dir='ltr'><strong>qui</strong></span> <span class='ocrx_word' id='word_1_58' title='bbox 1038 987 1095 1035; x_wconf 90' lang='lat' dir='ltr'><strong>in</strong></span> <span class='ocrx_word' id='word_1_59' title='bbox 1130 997 1321 1034; x_wconf 87' lang='lat' dir='ltr'><strong>manus</strong></span> <span class='ocrx_word' id='word_1_60' title='bbox 1359 989 1654 1050; x_wconf 86' lang='lat' dir='ltr'><strong>venerant,</strong></span> <span class='ocrx_word' id='word_1_61' title='bbox 1705 988 1932 1037; x_wconf 84' lang='lat' dir='ltr'><strong>obtrun-</strong></span> <span class='ocrx_word' id='word_1_62' title='bbox 2011 1011 2029 1025; x_wconf 56' lang='grc' dir='ltr'><em>ι</em></span> 
     </span>
     <span class='ocr_line' id='line_1_9' title="bbox 166 1073 1935 1137; baseline 0.001 -13"><span class='ocrx_word' id='word_1_63' title='bbox 166 1087 341 1125; x_wconf 57' lang='lat' dir='ltr'><strong>care.</strong></span> <span class='ocrx_word' id='word_1_64' title='bbox 408 1076 545 1124; x_wconf 89' lang='lat' dir='ltr'><strong>Dum</strong></span> <span class='ocrx_word' id='word_1_65' title='bbox 580 1086 647 1123; x_wconf 87' lang='lat' dir='ltr'><strong>eo</strong></span> <span class='ocrx_word' id='word_1_66' title='bbox 682 1075 840 1122; x_wconf 86' lang='lat' dir='ltr'><strong>modo</strong></span> <span class='ocrx_word' id='word_1_67' title='bbox 877 1075 1084 1135; x_wconf 79' lang='lat' dir='ltr'>equites</span> <span class='ocrx_word' id='word_1_68' title='bbox 1120 1073 1484 1137; x_wconf 86' lang='lat' dir='ltr'><strong>proeliantur,</strong></span> <span class='ocrx_word' id='word_1_69' title='bbox 1539 1074 1782 1124; x_wconf 83' lang='lat' dir='ltr'><strong>Bocchus</strong></span> <span class='ocrx_word' id='word_1_70' title='bbox 1815 1088 1935 1125; x_wconf 89' lang='lat' dir='ltr'><strong>cum</strong></span> 
     </span>
     <span class='ocr_line' id='line_1_10' title="bbox 188 1159 1936 1228; baseline 0.001 -17"><span class='ocrx_word' id='word_1_71' title='bbox 188 1162 497 1228; x_wconf 74' lang='lat' dir='ltr'><strong>peditibus,</strong></span> <span class='ocrx_word' id='word_1_72' title='bbox 544 1174 674 1222; x_wconf 88' lang='lat' dir='ltr'><strong>quos</strong></span> <span class='ocrx_word' id='word_1_73' title='bbox 709 1162 893 1211; x_wconf 84' lang='lat' dir='ltr'><strong>Volux</strong></span> <span class='ocrx_word' id='word_1_74' title='bbox 930 1160 1075 1210; x_wconf 82' lang='lat' dir='ltr'><strong>filius</strong></span> <span class='ocrx_word' id='word_1_75' title='bbox 1124 1162 1242 1209; x_wconf 86' lang='lat' dir='ltr'><strong>eius</strong></span> <span class='ocrx_word' id='word_1_76' title='bbox 1291 1159 1619 1227; x_wconf 79' lang='lat' dir='ltr'><strong>adduxerat,</strong></span> <span class='ocrx_word' id='word_1_77' title='bbox 1667 1175 1842 1225; x_wconf 86' lang='lat' dir='ltr'><strong>neque</strong></span> <span class='ocrx_word' id='word_1_78' title='bbox 1875 1165 1936 1212; x_wconf 86' lang='lat' dir='ltr'><strong>in</strong></span> 
     </span>
     <span class='ocr_line' id='line_1_11' title="bbox 194 1248 2012 1321; baseline 0 -21"><span class='ocrx_word' id='word_1_79' title='bbox 194 1251 385 1311; x_wconf 87' lang='lat' dir='ltr'><strong>priore</strong></span> <span class='ocrx_word' id='word_1_80' title='bbox 419 1261 623 1311; x_wconf 77' lang='lat' dir='ltr'><strong>pugna,</strong></span> <span class='ocrx_word' id='word_1_81' title='bbox 657 1250 712 1298; x_wconf 88' lang='lat' dir='ltr'><strong>in</strong></span> <span class='ocrx_word' id='word_1_82' title='bbox 750 1250 948 1299; x_wconf 89' lang='lat' dir='ltr'><strong>itinere</strong></span> <span class='ocrx_word' id='word_1_83' title='bbox 984 1251 1209 1311; x_wconf 81' lang='lat' dir='ltr'><strong>morati,</strong></span> <span class='ocrx_word' id='word_1_84' title='bbox 1258 1248 1574 1321; x_wconf 71' lang='lat' dir='ltr'><strong>adi&#39;uerant,</strong></span> <span class='ocrx_word' id='word_1_85' title='bbox 1612 1253 1931 1311; x_wconf 82' lang='lat' dir='ltr'><strong>postremam</strong></span> <span class='ocrx_word' id='word_1_86' title='bbox 1948 1258 2012 1309; x_wconf 75' lang='grc' dir='ltr'><strong>ιο</strong></span> 
     </span>
     <span class='ocr_line' id='line_1_12' title="bbox 194 1336 1940 1399; baseline 0 -12"><span class='ocrx_word' id='word_1_87' title='bbox 194 1340 565 1388; x_wconf 80' lang='lat' dir='ltr'><strong>Romanorum</strong></span> <span class='ocrx_word' id='word_1_88' title='bbox 595 1338 769 1387; x_wconf 83' lang='lat' dir='ltr'><strong>aciem</strong></span> <span class='ocrx_word' id='word_1_89' title='bbox 802 1336 1085 1387; x_wconf 83' lang='lat' dir='ltr'><strong>invadunt.</strong></span> <span class='ocrx_word' id='word_1_90' title='bbox 1143 1338 1284 1385; x_wconf 76' lang='lat' dir='ltr'><strong>&#39;rum</strong></span> <span class='ocrx_word' id='word_1_91' title='bbox 1317 1338 1525 1386; x_wconf 83' lang='lat' dir='ltr'><strong>Marius</strong></span> <span class='ocrx_word' id='word_1_92' title='bbox 1560 1340 1698 1399; x_wconf 87' lang='lat' dir='ltr'><strong>apud</strong></span> <span class='ocrx_word' id='word_1_93' title='bbox 1736 1339 1940 1399; x_wconf 81' lang='lat' dir='ltr'><strong>primos</strong></span> 
     </span>
     <span class='ocr_line' id='line_1_13' title="bbox 192 1423 1941 1491; baseline 0 -16"><span class='ocrx_word' id='word_1_94' title='bbox 192 1428 430 1491; x_wconf 78' lang='lat' dir='ltr'><strong>agebat,</strong></span> <span class='ocrx_word' id='word_1_95' title='bbox 485 1426 625 1487; x_wconf 84' lang='lat' dir='ltr'><strong>quod</strong></span> <span class='ocrx_word' id='word_1_96' title='bbox 680 1425 756 1475; x_wconf 86' lang='lat' dir='ltr'><strong>ibi</strong></span> <span class='ocrx_word' id='word_1_97' title='bbox 808 1423 1069 1489; x_wconf 76' lang='lat' dir='ltr'><strong>Iugurtha</strong></span> <span class='ocrx_word' id='word_1_98' title='bbox 1121 1436 1244 1473; x_wconf 89' lang='lat' dir='ltr'><strong>cnm</strong></span> <span class='ocrx_word' id='word_1_99' title='bbox 1298 1424 1560 1487; x_wconf 80' lang='lat' dir='ltr'><strong>plurumis</strong></span> <span class='ocrx_word' id='word_1_100' title='bbox 1598 1428 1730 1474; x_wconf 84' lang='lat' dir='ltr'><strong>erat.</strong></span> <span class='ocrx_word' id='word_1_101' title='bbox 1799 1427 1941 1475; x_wconf 86' lang='lat' dir='ltr'><strong>Dein</strong></span> 
     </span>
     <span class='ocr_line' id='line_1_14' title="bbox 199 1512 1940 1579; baseline 0 -16"><span class='ocrx_word' id='word_1_102' title='bbox 199 1513 461 1578; x_wconf 81' lang='lat' dir='ltr'><strong>Numida,</strong></span> <span class='ocrx_word' id='word_1_103' title='bbox 496 1514 716 1577; x_wconf 84' lang='lat' dir='ltr'><strong>cognito</strong></span> <span class='ocrx_word' id='word_1_104' title='bbox 756 1515 955 1563; x_wconf 82' lang='lat' dir='ltr'><strong>Bocchi</strong></span> <span class='ocrx_word' id='word_1_105' title='bbox 984 1516 1255 1579; x_wconf 83' lang='lat' dir='ltr'><strong>adventu,</strong></span> <span class='ocrx_word' id='word_1_106' title='bbox 1301 1512 1446 1561; x_wconf 87' lang='lat' dir='ltr'><strong>clam</strong></span> <span class='ocrx_word' id='word_1_107' title='bbox 1484 1524 1609 1561; x_wconf 88' lang='lat' dir='ltr'><strong>cum</strong></span> <span class='ocrx_word' id='word_1_108' title='bbox 1645 1515 1834 1575; x_wconf 83' lang='lat' dir='ltr'><strong>paucis</strong></span> <span class='ocrx_word' id='word_1_109' title='bbox 1871 1514 1940 1563; x_wconf 90' lang='lat' dir='ltr'><strong>ad</strong></span> 
     </span>
     <span class='ocr_line' id='line_1_15' title="bbox 196 1602 1940 1664; baseline 0.001 -14"><span class='ocrx_word' id='word_1_110' title='bbox 196 1602 414 1663; x_wconf 82' lang='lat' dir='ltr'><strong>pedites</strong></span> <span class='ocrx_word' id='word_1_111' title='bbox 465 1603 771 1664; x_wconf 82' lang='lat' dir='ltr'><strong>convortit3</strong></span> <span class='ocrx_word' id='word_1_112' title='bbox 824 1602 901 1652; x_wconf 86' lang='lat' dir='ltr'><strong>ibi</strong></span> <span class='ocrx_word' id='word_1_113' title='bbox 943 1602 1140 1650; x_wconf 82' lang='lat' dir='ltr'><strong>Latine</strong></span> <span class='ocrx_word' id='word_1_114' title='bbox 1200 1604 1352 1659; x_wconf 83' lang='lat' dir='ltr'><strong>(nam</strong></span> <span class='ocrx_word' id='word_1_115' title='bbox 1402 1602 1545 1662; x_wconf 87' lang='lat' dir='ltr'><strong>apud</strong></span> <span class='ocrx_word' id='word_1_116' title='bbox 1593 1602 1940 1651; x_wconf 80' lang='lat' dir='ltr'><strong>Numantiam</strong></span> 
     </span>
     <span class='ocr_line' id='line_1_16' title="bbox 187 1688 2013 1753; baseline 0 -14"><span class='ocrx_word' id='word_1_117' title='bbox 187 1689 349 1751; x_wconf 80' lang='lat' dir='ltr'><strong>loqui</strong></span> <span class='ocrx_word' id='word_1_118' title='bbox 404 1688 695 1745; x_wconf 80' lang='lat' dir='ltr'><strong>didicerat)</strong></span> <span class='ocrx_word' id='word_1_119' title='bbox 750 1688 1048 1739; x_wconf 82' lang='lat' dir='ltr'><strong>exclamat:</strong></span> <span class='ocrx_word' id='word_1_120' title='bbox 1106 1691 1370 1738; x_wconf 82' lang='lat' dir='ltr'><strong>«nostros</strong></span> <span class='ocrx_word' id='word_1_121' title='bbox 1420 1688 1624 1737; x_wconf 81' lang='lat' dir='ltr'><strong>frustra</strong></span> <span class='ocrx_word' id='word_1_122' title='bbox 1672 1701 1934 1753; x_wconf 86' lang='lat' dir='ltr'><strong>pugnare,</strong></span> <span class='ocrx_word' id='word_1_123' title='bbox 1952 1702 2013 1753; x_wconf 79' lang='lat'><strong>15</strong></span> 
     </span>
     <span class='ocr_line' id='line_1_17' title="bbox 193 1775 1939 1841; baseline -0.001 -14"><span class='ocrx_word' id='word_1_124' title='bbox 193 1776 387 1840; x_wconf 85' lang='lat' dir='ltr'><strong>paullo</strong></span> <span class='ocrx_word' id='word_1_125' title='bbox 423 1780 549 1827; x_wconf 84' lang='lat' dir='ltr'><strong>ante</strong></span> <span class='ocrx_word' id='word_1_126' title='bbox 573 1778 805 1826; x_wconf 83' lang='lat' dir='ltr'><strong>Marium</strong></span> <span class='ocrx_word' id='word_1_127' title='bbox 834 1789 935 1827; x_wconf 89' lang='lat' dir='ltr'><strong>sua</strong></span> <span class='ocrx_word' id='word_1_128' title='bbox 969 1788 1129 1825; x_wconf 87' lang='lat' dir='ltr'><strong>manu</strong></span> <span class='ocrx_word' id='word_1_129' title='bbox 1162 1775 1588 1839; x_wconf 76' lang='lat' dir='ltr'><strong>interfectum3»</strong></span> <span class='ocrx_word' id='word_1_130' title='bbox 1625 1778 1786 1826; x_wconf 88' lang='lat' dir='ltr'><strong>simul</strong></span> <span class='ocrx_word' id='word_1_131' title='bbox 1813 1776 1939 1841; x_wconf 85' lang='lat' dir='ltr'><strong>gla-</strong></span> 
     </span>
     <span class='ocr_line' id='line_1_18' title="bbox 198 1863 1940 1930; baseline -0.001 -15"><span class='ocrx_word' id='word_1_132' title='bbox 198 1866 345 1915; x_wconf 84' lang='lat' dir='ltr'><strong>dium</strong></span> <span class='ocrx_word' id='word_1_133' title='bbox 382 1866 645 1926; x_wconf 83' lang='lat' dir='ltr'><strong>sanguine</strong></span> <span class='ocrx_word' id='word_1_134' title='bbox 686 1864 909 1914; x_wconf 85' lang='lat' dir='ltr'><strong>oblitum</strong></span> <span class='ocrx_word' id='word_1_135' title='bbox 944 1863 1264 1930; x_wconf 82' lang='lat' dir='ltr'><strong>ostendere,</strong></span> <span class='ocrx_word' id='word_1_136' title='bbox 1302 1875 1459 1926; x_wconf 88' lang='lat' dir='ltr'><strong>quem</strong></span> <span class='ocrx_word' id='word_1_137' title='bbox 1494 1865 1550 1913; x_wconf 88' lang='lat' dir='ltr'><strong>in</strong></span> <span class='ocrx_word' id='word_1_138' title='bbox 1588 1876 1772 1928; x_wconf 87' lang='lat' dir='ltr'><strong>pugna</strong></span> <span class='ocrx_word' id='word_1_139' title='bbox 1805 1867 1940 1914; x_wconf 88' lang='lat' dir='ltr'><strong>satis</strong></span> 
     </span>
     <span class='ocr_line' id='line_1_19' title="bbox 196 1949 1940 2016; baseline -0.001 -14"><span class='ocrx_word' id='word_1_140' title='bbox 196 1955 418 2016; x_wconf 82' lang='lat' dir='ltr'><strong>inpigre</strong></span> <span class='ocrx_word' id='word_1_141' title='bbox 471 1954 655 2003; x_wconf 88' lang='lat' dir='ltr'><strong>occiso</strong></span> <span class='ocrx_word' id='word_1_142' title='bbox 705 1953 891 2016; x_wconf 84' lang='lat' dir='ltr'><strong>pedite</strong></span> <span class='ocrx_word' id='word_1_143' title='bbox 944 1954 1132 2004; x_wconf 89' lang='lat' dir='ltr'><strong>nostro</strong></span> <span class='ocrx_word' id='word_1_144' title='bbox 1185 1954 1587 2003; x_wconf 83' lang='lat' dir='ltr'><strong>cruentaverat.</strong></span> <span class='ocrx_word' id='word_1_145' title='bbox 1659 1949 1818 2015; x_wconf 81' lang='lat' dir='ltr'><strong>Quod</strong></span> <span class='ocrx_word' id='word_1_146' title='bbox 1865 1953 1940 2002; x_wconf 86' lang='lat' dir='ltr'><strong>ibi</strong></span> 
     </span>
     <span class='ocr_line' id='line_1_20' title="bbox 194 2040 1942 2105; baseline -0.001 -14"><span class='ocrx_word' id='word_1_147' title='bbox 194 2042 403 2092; x_wconf 79' lang='lat' dir='ltr'><strong>milites</strong></span> <span class='ocrx_word' id='word_1_148' title='bbox 442 2053 740 2105; x_wconf 86' lang='lat' dir='ltr'><strong>accepere,</strong></span> <span class='ocrx_word' id='word_1_149' title='bbox 780 2042 957 2105; x_wconf 83' lang='lat' dir='ltr'><strong>magis</strong></span> <span class='ocrx_word' id='word_1_150' title='bbox 998 2042 1293 2092; x_wconf 87' lang='lat' dir='ltr'><strong>atrocitate</strong></span> <span class='ocrx_word' id='word_1_151' title='bbox 1327 2043 1414 2091; x_wconf 86' lang='lat' dir='ltr'><strong>rei</strong></span> <span class='ocrx_word' id='word_1_152' title='bbox 1449 2053 1615 2104; x_wconf 86' lang='lat' dir='ltr'><strong>quam</strong></span> <span class='ocrx_word' id='word_1_153' title='bbox 1649 2040 1754 2090; x_wconf 84' lang='lat' dir='ltr'><strong>fide</strong></span> <span class='ocrx_word' id='word_1_154' title='bbox 1785 2043 1942 2091; x_wconf 87' lang='lat' dir='ltr'><strong>nunti</strong></span> 
     </span>
     <span class='ocr_line' id='line_1_21' title="bbox 192 2128 2018 2193; baseline 0 -15"><span class='ocrx_word' id='word_1_155' title='bbox 192 2132 503 2193; x_wconf 82' lang='lat' dir='ltr'><strong>terrentur,</strong></span> <span class='ocrx_word' id='word_1_156' title='bbox 556 2128 821 2191; x_wconf 81' lang='lat' dir='ltr'><strong>simulque</strong></span> <span class='ocrx_word' id='word_1_157' title='bbox 870 2130 1087 2180; x_wconf 86' lang='lat' dir='ltr'><strong>barbari</strong></span> <span class='ocrx_word' id='word_1_158' title='bbox 1131 2130 1345 2179; x_wconf 87' lang='lat' dir='ltr'><strong>animos</strong></span> <span class='ocrx_word' id='word_1_159' title='bbox 1392 2129 1590 2180; x_wconf 85' lang='lat' dir='ltr'><strong>tollere</strong></span> <span class='ocrx_word' id='word_1_160' title='bbox 1625 2133 1681 2180; x_wconf 83' lang='lat' dir='ltr'><strong>et</strong></span> <span class='ocrx_word' id='word_1_161' title='bbox 1713 2131 1771 2178; x_wconf 89' lang='lat' dir='ltr'><strong>in</strong></span> <span class='ocrx_word' id='word_1_162' title='bbox 1808 2140 1937 2190; x_wconf 88' lang='lat' dir='ltr'><strong>per-</strong></span> <span class='ocrx_word' id='word_1_163' title='bbox 1949 2133 2018 2186; x_wconf 86' lang='lat'><strong>20</strong></span> 
     </span>
     <span class='ocr_line' id='line_1_22' title="bbox 190 2215 1942 2279; baseline -0.001 -13"><span class='ocrx_word' id='word_1_164' title='bbox 190 2215 381 2267; x_wconf 83' lang='lat' dir='ltr'><strong>cnlsos</strong></span> <span class='ocrx_word' id='word_1_165' title='bbox 422 2217 696 2266; x_wconf 82' lang='lat' dir='ltr'><strong>Romanos</strong></span> <span class='ocrx_word' id='word_1_166' title='bbox 745 2218 928 2266; x_wconf 83' lang='lat' dir='ltr'><strong>acrius</strong></span> <span class='ocrx_word' id='word_1_167' title='bbox 975 2217 1246 2267; x_wconf 88' lang='lat' dir='ltr'><strong>incedere.</strong></span> <span class='ocrx_word' id='word_1_168' title='bbox 1316 2218 1536 2279; x_wconf 81' lang='lat' dir='ltr'><strong>Iamque</strong></span> <span class='ocrx_word' id='word_1_169' title='bbox 1584 2216 1830 2279; x_wconf 82' lang='lat' dir='ltr'><strong>paullum</strong></span> <span class='ocrx_word' id='word_1_170' title='bbox 1873 2217 1942 2266; x_wconf 86' lang='lat' dir='ltr'><strong>ab</strong></span> 
     </span>
     <span class='ocr_line' id='line_1_23' title="bbox 188 2303 1944 2371; baseline 0 -18"><span class='ocrx_word' id='word_1_171' title='bbox 188 2305 329 2368; x_wconf 80' lang='lat' dir='ltr'><strong>fuga</strong></span> <span class='ocrx_word' id='word_1_172' title='bbox 351 2307 596 2368; x_wconf 78' lang='lat' dir='ltr'><strong>aberant,</strong></span> <span class='ocrx_word' id='word_1_173' title='bbox 636 2316 796 2367; x_wconf 87' lang='lat' dir='ltr'><strong>quom</strong></span> <span class='ocrx_word' id='word_1_174' title='bbox 818 2303 995 2370; x_wconf 86' lang='lat' dir='ltr'><strong>Sulla,</strong></span> <span class='ocrx_word' id='word_1_175' title='bbox 1030 2306 1333 2368; x_wconf 80' lang='lat' dir='ltr'><strong>profligatis</strong></span> <span class='ocrx_word' id='word_1_176' title='bbox 1365 2307 1454 2371; x_wconf 76' lang='lat' dir='ltr'><strong>iiS,</strong></span> <span class='ocrx_word' id='word_1_177' title='bbox 1491 2318 1624 2367; x_wconf 82' lang='lat' dir='ltr'><strong>quos</strong></span> <span class='ocrx_word' id='word_1_178' title='bbox 1653 2306 1944 2354; x_wconf 81' lang='lat' dir='ltr'><strong>advorsum</strong></span> 
     </span>
     <span class='ocr_line' id='line_1_24' title="bbox 192 2391 1944 2462; baseline -0.002 -20"><span class='ocrx_word' id='word_1_179' title='bbox 192 2394 361 2454; x_wconf 87' lang='lat' dir='ltr'><strong>ierat,</strong></span> <span class='ocrx_word' id='word_1_180' title='bbox 394 2392 613 2442; x_wconf 86' lang='lat' dir='ltr'><strong>rediens</strong></span> <span class='ocrx_word' id='word_1_181' title='bbox 647 2393 713 2442; x_wconf 88' lang='lat' dir='ltr'><strong>ab</strong></span> <span class='ocrx_word' id='word_1_182' title='bbox 748 2392 926 2442; x_wconf 88' lang='lat' dir='ltr'><strong>latere</strong></span> <span class='ocrx_word' id='word_1_183' title='bbox 949 2393 1157 2442; x_wconf 84' lang='lat' dir='ltr'><strong>Mauris</strong></span> <span class='ocrx_word' id='word_1_184' title='bbox 1190 2393 1438 2441; x_wconf 86' lang='lat' dir='ltr'><strong>incurrit.</strong></span> <span class='ocrx_word' id='word_1_185' title='bbox 1491 2394 1736 2462; x_wconf 77' lang='lat' dir='ltr'><strong>Bocchus</strong></span> <span class='ocrx_word' id='word_1_186' title='bbox 1759 2391 1944 2441; x_wconf 82' lang='lat' dir='ltr'><strong>statim</strong></span> 
     </span>
     <span class='ocr_line' id='line_1_25' title="bbox 193 2479 1944 2543; baseline -0.002 -13"><span class='ocrx_word' id='word_1_187' title='bbox 193 2481 483 2531; x_wconf 79' lang='lat' dir='ltr'><strong>avertitur.</strong></span> <span class='ocrx_word' id='word_1_188' title='bbox 555 2482 631 2529; x_wconf 82' lang='lat' dir='ltr'><strong>At</strong></span> <span class='ocrx_word' id='word_1_189' title='bbox 664 2479 953 2543; x_wconf 82' lang='lat' dir='ltr'><strong>Iugurtha,</strong></span> <span class='ocrx_word' id='word_1_190' title='bbox 1006 2479 1134 2527; x_wconf 90' lang='lat' dir='ltr'><strong>dum</strong></span> <span class='ocrx_word' id='word_1_191' title='bbox 1168 2480 1480 2528; x_wconf 82' lang='lat' dir='ltr'><strong>sustentare</strong></span> <span class='ocrx_word' id='word_1_192' title='bbox 1515 2493 1646 2529; x_wconf 86' lang='lat' dir='ltr'><strong>suos</strong></span> <span class='ocrx_word' id='word_1_193' title='bbox 1681 2482 1738 2529; x_wconf 90' lang='lat' dir='ltr'><strong>et</strong></span> <span class='ocrx_word' id='word_1_194' title='bbox 1770 2489 1944 2541; x_wconf 86' lang='lat' dir='ltr'><strong>prope</strong></span> 
     </span>
     <span class='ocr_line' id='line_1_26' title="bbox 192 2565 2018 2631; baseline -0.001 -15"><span class='ocrx_word' id='word_1_195' title='bbox 192 2569 307 2617; x_wconf 81' lang='lat' dir='ltr'><strong>iam</strong></span> <span class='ocrx_word' id='word_1_196' title='bbox 340 2568 595 2629; x_wconf 87' lang='lat' dir='ltr'><strong>adeptam</strong></span> <span class='ocrx_word' id='word_1_197' title='bbox 630 2568 923 2618; x_wconf 75' lang='lat' dir='ltr'><strong>victoriam</strong></span> <span class='ocrx_word' id='word_1_198' title='bbox 958 2567 1197 2616; x_wconf 88' lang='lat' dir='ltr'><strong>retinere</strong></span> <span class='ocrx_word' id='word_1_199' title='bbox 1231 2567 1398 2631; x_wconf 87' lang='lat' dir='ltr'><strong>cupit,</strong></span> <span class='ocrx_word' id='word_1_200' title='bbox 1432 2566 1840 2616; x_wconf 83' lang='lat' dir='ltr'><strong>circumventus</strong></span> <span class='ocrx_word' id='word_1_201' title='bbox 1871 2565 1938 2614; x_wconf 86' lang='lat' dir='ltr'><strong>ab</strong></span> <span class='ocrx_word' id='word_1_202' title='bbox 1952 2567 2018 2620; x_wconf 87' lang='lat'><strong>25</strong></span> 
     </span>
     <span class='ocr_line' id='line_1_27' title="bbox 193 2652 1948 2720; baseline -0.002 -16"><span class='ocrx_word' id='word_1_203' title='bbox 193 2656 505 2720; x_wconf 81' lang='lat' dir='ltr'><strong>equitibus,</strong></span> <span class='ocrx_word' id='word_1_204' title='bbox 556 2657 749 2704; x_wconf 85' lang='lat' dir='ltr'><strong>dextra</strong></span> <span class='ocrx_word' id='word_1_205' title='bbox 783 2655 1009 2704; x_wconf 85' lang='lat' dir='ltr'><strong>sinistra</strong></span> <span class='ocrx_word' id='word_1_206' title='bbox 1047 2654 1299 2704; x_wconf 86' lang='lat' dir='ltr'><strong>omnibus</strong></span> <span class='ocrx_word' id='word_1_207' title='bbox 1335 2653 1561 2714; x_wconf 82' lang='lat' dir='ltr'><strong>occisis,</strong></span> <span class='ocrx_word' id='word_1_208' title='bbox 1613 2652 1764 2702; x_wconf 84' lang='lat' dir='ltr'><strong>solus</strong></span> <span class='ocrx_word' id='word_1_209' title='bbox 1799 2652 1948 2701; x_wconf 86' lang='lat' dir='ltr'><strong>inter</strong></span> 
     </span>
     <span class='ocr_line' id='line_1_28' title="bbox 194 2739 1948 2802; baseline -0.003 -11"><span class='ocrx_word' id='word_1_210' title='bbox 194 2741 315 2792; x_wconf 80' lang='lat' dir='ltr'><strong>tela</strong></span> <span class='ocrx_word' id='word_1_211' title='bbox 349 2741 581 2790; x_wconf 80' lang='lat' dir='ltr'><strong>hostium</strong></span> <span class='ocrx_word' id='word_1_212' title='bbox 613 2740 941 2792; x_wconf 77' lang='lat' dir='ltr'><strong>vitabundus</strong></span> <span class='ocrx_word' id='word_1_213' title='bbox 976 2742 1224 2802; x_wconf 84' lang='lat' dir='ltr'><strong>erumpit.</strong></span> <span class='ocrx_word' id='word_1_214' title='bbox 1278 2742 1458 2802; x_wconf 76' lang='lat' dir='ltr'><strong>Atque</strong></span> <span class='ocrx_word' id='word_1_215' title='bbox 1489 2741 1710 2789; x_wconf 87' lang='lat' dir='ltr'><strong>interim</strong></span> <span class='ocrx_word' id='word_1_216' title='bbox 1739 2739 1948 2789; x_wconf 84' lang='lat' dir='ltr'><strong>Marius</strong></span> 
     </span>
     <span class='ocr_line' id='line_1_29' title="bbox 194 2825 1948 2892; baseline -0.004 -12"><span class='ocrx_word' id='word_1_217' title='bbox 194 2831 409 2892; x_wconf 76' lang='lat' dir='ltr'><strong>fugatis</strong></span> <span class='ocrx_word' id='word_1_218' title='bbox 440 2831 713 2891; x_wconf 87' lang='lat' dir='ltr'><strong>equitibus</strong></span> <span class='ocrx_word' id='word_1_219' title='bbox 749 2830 994 2879; x_wconf 83' lang='lat' dir='ltr'><strong>adcurrit</strong></span> <span class='ocrx_word' id='word_1_220' title='bbox 1039 2829 1246 2879; x_wconf 82' lang='lat' dir='ltr'><strong>auxilio</strong></span> <span class='ocrx_word' id='word_1_221' title='bbox 1289 2830 1433 2891; x_wconf 86' lang='lat' dir='ltr'><strong>suis,</strong></span> <span class='ocrx_word' id='word_1_222' title='bbox 1487 2839 1625 2890; x_wconf 88' lang='lat' dir='ltr'><strong>quos</strong></span> <span class='ocrx_word' id='word_1_223' title='bbox 1664 2825 1798 2888; x_wconf 83' lang='lat' dir='ltr'><strong>pelli</strong></span> <span class='ocrx_word' id='word_1_224' title='bbox 1839 2826 1948 2874; x_wconf 90' lang='lat' dir='ltr'><strong>iam</strong></span> 
     </span>
     <span class='ocr_line' id='line_1_30' title="bbox 194 2913 1948 2978; baseline -0.003 -11"><span class='ocrx_word' id='word_1_225' title='bbox 194 2919 509 2978; x_wconf 75' lang='lat' dir='ltr'><strong>acceperat.</strong></span> <span class='ocrx_word' id='word_1_226' title='bbox 593 2918 837 2978; x_wconf 79' lang='lat' dir='ltr'><strong>Denique</strong></span> <span class='ocrx_word' id='word_1_227' title='bbox 895 2917 1078 2966; x_wconf 86' lang='lat' dir='ltr'><strong>hostes</strong></span> <span class='ocrx_word' id='word_1_228' title='bbox 1137 2918 1245 2966; x_wconf 88' lang='lat' dir='ltr'><strong>iam</strong></span> <span class='ocrx_word' id='word_1_229' title='bbox 1305 2914 1544 2977; x_wconf 87' lang='lat' dir='ltr'><strong>undique</strong></span> <span class='ocrx_word' id='word_1_230' title='bbox 1601 2913 1727 2964; x_wconf 77' lang='lat' dir='ltr'><strong>fusi.</strong></span> <span class='ocrx_word' id='word_1_231' title='bbox 1808 2913 1948 2962; x_wconf 79' lang='lat' dir='ltr'><strong>Tum</strong></span> 
     </span>
     <span class='ocr_line' id='line_1_31' title="bbox 196 3001 2023 3067; baseline -0.002 -13"><span class='ocrx_word' id='word_1_232' title='bbox 196 3002 576 3066; x_wconf 77' lang='lat' dir='ltr'><strong>spectaculum</strong></span> <span class='ocrx_word' id='word_1_233' title='bbox 612 3003 871 3056; x_wconf 85' lang='lat' dir='ltr'><strong>horribile</strong></span> <span class='ocrx_word' id='word_1_234' title='bbox 910 3005 969 3054; x_wconf 83' lang='lat' dir='ltr'><strong>in</strong></span> <span class='ocrx_word' id='word_1_235' title='bbox 1006 3005 1211 3065; x_wconf 87' lang='lat' dir='ltr'><strong>campis</strong></span> <span class='ocrx_word' id='word_1_236' title='bbox 1263 3003 1604 3067; x_wconf 83' lang='lat' dir='ltr'><strong>patentibus:</strong></span> <span class='ocrx_word' id='word_1_237' title='bbox 1659 3002 1814 3064; x_wconf 77' lang='lat' dir='ltr'><strong>sequi</strong></span> <span class='ocrx_word' id='word_1_238' title='bbox 1851 3001 1942 3050; x_wconf 76' lang='lat' dir='ltr'><strong>fu·</strong></span> <span class='ocrx_word' id='word_1_239' title='bbox 1956 3005 2023 3056; x_wconf 87' lang='grc' dir='ltr'><strong>3ο</strong></span> 
     </span>
     <span class='ocr_line' id='line_1_32' title="bbox 196 3088 1947 3156; baseline -0.003 -15"><span class='ocrx_word' id='word_1_240' title='bbox 196 3103 371 3156; x_wconf 82' lang='lat' dir='ltr'><strong>gere,</strong></span> <span class='ocrx_word' id='word_1_241' title='bbox 424 3092 603 3140; x_wconf 84' lang='lat' dir='ltr'><strong>occidi</strong></span> <span class='ocrx_word' id='word_1_242' title='bbox 649 3094 803 3155; x_wconf 83' lang='lat' dir='ltr'><strong>capi3</strong></span> <span class='ocrx_word' id='word_1_243' title='bbox 858 3094 982 3155; x_wconf 82' lang='lat' dir='ltr'><strong>equi</strong></span> <span class='ocrx_word' id='word_1_244' title='bbox 1028 3095 1191 3156; x_wconf 80' lang='lat' dir='ltr'><strong>atque</strong></span> <span class='ocrx_word' id='word_1_245' title='bbox 1228 3093 1340 3142; x_wconf 83' lang='lat' dir='ltr'><strong>viri</strong></span> <span class='ocrx_word' id='word_1_246' title='bbox 1382 3091 1616 3154; x_wconf 76' lang='lat' dir='ltr'><strong>adflicti,</strong></span> <span class='ocrx_word' id='word_1_247' title='bbox 1676 3101 1744 3141; x_wconf 83' lang='lat' dir='ltr'><strong>ac</strong></span> <span class='ocrx_word' id='word_1_248' title='bbox 1793 3088 1947 3139; x_wconf 81' lang='lat' dir='ltr'><strong>multi</strong></span> 
     </span>
    </p>
   </div>
   <div class='ocr_carea' id='block_1_3' title="bbox 201 3219 594 3230">
    <p class='ocr_par' dir='ltr' id='par_1_3' title="bbox 201 3219 594 3230">
     <span class='ocr_line' id='line_1_33' title="bbox 201 3219 594 3230; baseline 0 0"><span class='ocrx_word' id='word_1_249' title='bbox 201 3219 594 3230; x_wconf 95' lang='lat' dir='ltr'><strong> </strong></span> 
     </span>
    </p>
   </div>
   <div class='ocr_carea' id='block_1_4' title="bbox 302 3291 1048 3342">
    <p class='ocr_par' dir='ltr' id='par_1_4' title="bbox 302 3291 1048 3342">
     <span class='ocr_line' id='line_1_34' title="bbox 302 3291 1048 3342; baseline 0.004 -12"><span class='ocrx_word' id='word_1_250' title='bbox 302 3293 341 3331; x_wconf 71' lang='grc' dir='ltr'><strong>ί.</strong></span> <span class='ocrx_word' id='word_1_251' title='bbox 371 3291 459 3342; x_wconf 76' lang='lat' dir='ltr'><strong>lta]</strong></span> <span class='ocrx_word' id='word_1_252' title='bbox 486 3291 612 3342; x_wconf 68' lang='lat' dir='ltr'><strong>1911·ae</strong></span> <span class='ocrx_word' id='word_1_253' title='bbox 638 3293 689 3333; x_wconf 78' lang='lat' dir='ltr'><strong>V.</strong></span> <span class='ocrx_word' id='word_1_254' title='bbox 722 3316 764 3325; x_wconf 93' lang='lat'>—</span> <span class='ocrx_word' id='word_1_255' title='bbox 816 3295 879 3334; x_wconf 74' lang='lat'><strong>22.</strong></span> <span class='ocrx_word' id='word_1_256' title='bbox 908 3293 969 3332; x_wconf 76' lang='lat' dir='ltr'><strong>lu&#39;s</strong></span> <span class='ocrx_word' id='word_1_257' title='bbox 998 3294 1048 3333; x_wconf 78' lang='lat' dir='ltr'><strong>G.</strong></span> 
     </span>
    </p>
   </div>
  </div>
 </body>
</html>
