2525 3925
628 322 919 375 minum
953 322 1468 375 munnerfflmmu.
1818 320 1920 373 115

138 472 353 525 fidelis
400 471 603 534 mittit,
652 472 709 520 in
752 470 877 533 quis
909 468 1195 521 mollitiem
1229 468 1646 531 socordiamque
1679 468 1788 520 viri
1821 480 1920 520 ac·

142 573 403 623 casare,
452 560 646 611 testari
678 560 838 624 deos,
892 570 993 622 per
1034 570 1168 621 quos
1214 558 1542 623 iuravisset,
1593 569 1816 610 monere
1848 570 1920 609 ue

144 651 421 715 praemla
456 648 675 699 Metelli
704 649 763 697 in
798 650 1005 711 pestem
1038 649 1424 710 convorteret3
1470 646 1766 711 Iugurthae
1799 649 1922 699 exi-
2023 648 2026 653 '

146 742 307 791 tium
342 740 539 789 adesse
552 750 572 802 3
611 741 850 791 ceterum
886 747 1057 787 suane
1090 747 1163 785 an
1199 736 1402 785 virtute
1441 734 1662 785 Metelli
1695 738 1921 804 periret,

148 829 217 878 id
272 828 436 877 modo
491 827 690 890 agitari
702 838 721 888 3
776 822 1001 887 proinde
1056 827 1340 887 reputaret
1395 835 1516 874 cum
1547 826 1748 890 ‚animo
1797 822 1961 890 suo‚5

152 916 420 981 praemia
458 926 529 965 an
564 915 861 965 cruciatum
902 912 1111 963 mallet.

276 1002 367 1053 ¹71.
420 1002 533 1053 Sed
568 1015 725 1065 quom
760 1002 865 1054 hae
898 1001 1119 1053 litterae
1164 1001 1415 1069 adlatae,
1465 1002 1620 1053 forte
1643 1003 1922 1055 Nabdalsa

156 1094 418 1143 exercito
458 1103 691 1153 corpore
724 1092 903 1141 fessus
936 1091 1165 1149 inlecto
1188 1091 1520 1156 quiescebat,
1555 1093 1646 1142 ubi
1684 1093 1923 1157 cognitis

156 1180 501 1233 Bomilcaris
524 1158 711 1231 verbis
728 1180 901 1241 primo
930 1191 1079 1242 cura,
1106 1177 1316 1246 deinde,
1341 1181 1420 1229 uti
1437 1192 1664 1245 aegrum
1687 1183 1922 1232 animum

156 1269 335 1334 solet,
370 1280 591 1319 somnus
616 1268 781 1329 cepit.
832 1266 969 1317 Erat
992 1268 1046 1316 ei
1068 1268 1300 1317 Numida
1334 1268 1548 1330 quidam
1575 1272 1918 1334 negotiorum
1933 1265 2002 1317 10

164 1362 431 1421 curator,
482 1356 621 1407 fidus
658 1359 1025 1418 acceptusque
1069 1358 1126 1405 et
1163 1357 1398 1407 omnium
1434 1358 1782 1409 consiliorum
1815 1362 1924 1411 nisi

164 1448 481 1497 novissumi
516 1446 809 1508 particeps.
863 1439 971 1506 Qui
1009 1448 1288 1507 postquam
1323 1445 1536 1497 adlatas
1569 1447 1786 1499 litteras
1819 1460 1923 1499 au-

164 1534 335 1597 divit,
370 1546 441 1583 ex
468 1535 857 1585 consuetudine
880 1537 1031 1583 ratus
1055 1546 1226 1597 opera
1256 1536 1354 1585 aut
1387 1536 1614 1600 ingenio
1647 1550 1750 1587 suo
1785 1550 1924 1600 opus

170 1635 325 1689 esse,
358 1624 415 1671 in
438 1621 847 1674 tabernaculum
879 1623 1109 1686 introiit,
1144 1623 1445 1673 dormiente
1479 1624 1580 1675 illo
1615 1626 1926 1692 epistolam,

166 1724 347 1775 super
380 1714 545 1772 caput
578 1713 633 1761 iu
668 1710 893 1773 pulvino
930 1712 1129 1761 temere
1166 1712 1436 1778 positam,
1489 1716 1652 1765 sumit
1687 1727 1756 1764 ac
1789 1708 1998 1777 per-15

166 1801 341 1863 legit,
378 1801 505 1849 dein
540 1811 804 1865 propere,
842 1800 1074 1863 cognitis
1106 1800 1347 1864 insidiis,
1401 1803 1473 1851 ad
1505 1814 1692 1866 regem
1727 1804 1925 1866 pergit.

166 1886 456 1939 Nabdalsa
488 1890 622 1951 post
652 1886 839 1949 paullo
876 1892 1230 1949 experrectus
1273 1889 1364 1940 ubi
1407 1900 1583 1951 neque
1631 1892 1924 1954 epistolam

166 1980 426 2043 repperit
460 1980 517 2028 et
548 1989 663 2029 rem
700 1989 938 2042 omnem,
980 1979 1059 2028 uti
1094 1981 1223 2028 acta
1256 1980 1393 2043 erat,
1433 1982 1712 2046 cognovit,
1749 1982 1924 2043 primo

168 2069 419 2118 indicem
473 2068 725 2129 persequi
783 2069 1011 2117 conatus
1027 2098 1044 2131 ,
1100 2067 1386 2128 postquam
1440 2069 1492 2118 id
1545 2068 1754 2120 frustra
1801 2069 1926 2132 fuit,

174 2157 499 2222 lugurtham
522 2155 774 2218 placandi
790 2157 973 2219 gratia
996 2155 1240 2219 accedit3
1277 2157 1411 2206 dicit
1431 2167 1570 2218 quae
1603 2159 1722 2218 ipse
1755 2171 1920 2221 para-
1933 2156 2002 2208 20

173 2247 355 2296 visset
379 2247 567 2294 facere
603 2243 831 2306 perfidia
870 2244 1089 2294 clientis
1125 2246 1212 2294 sui
1246 2247 1548 2306 praeventa
1556 2260 1576 2308 3
1611 2245 1925 2296 lacrumans

172 2336 485 2384 obtestatur
520 2344 619 2394 per
654 2333 953 2383 amicitiam
986 2345 1189 2396 perque
1210 2345 1313 2383 sua
1335 2336 1500 2384 antea
1521 2334 1760 2385 fideliter
1781 2338 1924 2397 acta,

172 2436 247 2472 ne
284 2433 453 2484 super
491 2421 593 2472 tali
626 2420 841 2472 scelere
876 2425 1187 2484 suspectum
1224 2433 1348 2471 sese
1382 2424 1621 2473 haberet.

286 2511 372 2560 ⁸72.
424 2511 511 2560 Ad
547 2523 616 2560 ea
648 2522 766 2575 rex,
802 2510 966 2560 aliter
997 2512 1159 2571 atque
1195 2511 1374 2559 animo
1415 2513 1673 2574 gerebat,
1708 2511 1926 2574 placide

170 2601 477 2664 respoudit.
546 2598 851 2650 Bomilcare
896 2598 1129 2660 aliisque
1172 2599 1392 2665 multis,
1443 2609 1578 2661 quos
1617 2601 1800 2650 socios
1833 2594 2002 2649 iri-25

168 2689 439 2741 sidiarum
476 2692 845 2754 cognoverat,
891 2687 1199 2737 interfectis
1244 2689 1384 2736 iram
1425 2689 1801 2752 obpresserat,
1853 2699 1924 2736 ne

172 2792 282 2843 qua
320 2791 392 2828 ex
431 2789 499 2827 eo
534 2779 755 2841 negotio
790 2777 987 2826 seditio
1023 2777 1278 2825 oriretur.
1347 2775 1546 2838 Neque
1590 2777 1714 2837 post
1745 2774 1802 2823 id
1837 2773 1926 2824 lo-

172 2879 371 2918 corum
406 2866 703 2930 Iugurthae
738 2865 855 2914 dies
895 2866 991 2914 aut
1020 2875 1131 2914 nox
1174 2864 1292 2914 ulla
1333 2866 1516 2926 quieta
1559 2863 1698 2930 fait,
1747 2873 1925 2928 neque

170 2957 307 3006 loco
342 2967 525 3017 neque
560 2953 778 3004 mortali
812 2955 1101 3015 quoiquam
1138 2957 1235 3002 aut
1271 2954 1498 3016 tempori
1520 2952 1658 3002 satis
1683 2953 1930 3017 credere,

276 3193 315 3233 1.
342 3191 553 3232 nouimu-
578 3191 630 3231 Θ.
660 3211 707 3221 -
742 3191 782 3230 ί.
810 3192 983 3230 innuet
1006 3189 1057 3229 V.
1085 3211 1132 3224 -·
1169 3190 1208 3228 3.
1236 3191 1280 3227 in
1299 3193 1452 3238 pescant
1474 3199 1586 3228 suma
1609 3189 1662 3229 V.
1691 3211 1739 3221 —
1762 3190 1802 3230 4.
1829 3188 1927 3228 Ms-

170 3261 262 3301 talla·
290 3263 437 3300 virtute
462 3259 515 3301 K.
540 3280 593 3290 —
640 3259 679 3300 7.
707 3270 777 3299 eac
799 3259 852 3299 V.
877 3281 921 3292 ·-
974 3258 1035 3298 1³.
1078 3262 1118 3296 ee
1142 3269 1193 3296 cc
1217 3258 1269 3298 G.
1300 3280 1344 3289 —
1398 3257 1458 3296 u.
1498 3263 1538 3296 ee
1561 3257 1777 3298 dor-nime
1801 3257 1852 3299 V.
1879 3276 1930 3288 —

174 3330 239 3370 ¹7.
266 3330 411 3381 paullo
428 3332 523 3380 post
548 3328 599 3369 G.
