<?xml version="1.0" encoding="UTF-8"?>
<!DOCTYPE html PUBLIC "-//W3C//DTD XHTML 1.0 Transitional//EN"
    "http://www.w3.org/TR/xhtml1/DTD/xhtml1-transitional.dtd">
<html xmlns="http://www.w3.org/1999/xhtml" xml:lang="en" lang="en">
 <head>
  <title>
</title>
<meta http-equiv="Content-Type" content="text/html;charset=utf-8" />
  <meta name='ocr-system' content='tesseract 3.04.00' />
  <meta name='ocr-capabilities' content='ocr_page ocr_carea ocr_par ocr_line ocrx_word'/>
</head>
<body>
  <div class='ocr_page' id='page_1' title='image "./catilinaetiugur00livygoog_0043.png"; bbox 0 0 2525 3925; ppageno 0'>
   <div class='ocr_carea' id='block_1_1' title="bbox 848 336 1902 403">
    <p class='ocr_par' dir='ltr' id='par_1_1' title="bbox 848 336 1902 403">
     <span class='ocr_line' id='line_1_1' title="bbox 848 336 1902 403; baseline 0.001 -14"><span class='ocrx_word' id='word_1_1' title='bbox 848 336 1205 390; x_wconf 71' lang='lat' dir='ltr'>cA‘rmNA,</span> <span class='ocrx_word' id='word_1_2' title='bbox 1366 392 1375 403; x_wconf 72' lang='grc'><strong><em>,</em></strong></span> <span class='ocrx_word' id='word_1_3' title='bbox 1831 339 1902 390; x_wconf 64' lang='lat' dir='ltr'>a?</span> 
     </span>
    </p>
   </div>
   <div class='ocr_carea' id='block_1_2' title="bbox 148 484 1990 2949">
    <p class='ocr_par' dir='ltr' id='par_1_2' title="bbox 148 484 1903 713">
     <span class='ocr_line' id='line_1_2' title="bbox 149 484 1902 551; baseline 0.001 -15"><span class='ocrx_word' id='word_1_4' title='bbox 149 487 387 536; x_wconf 83' lang='lat' dir='ltr'>senatus</span> <span class='ocrx_word' id='word_1_5' title='bbox 424 484 655 548; x_wconf 87' lang='lat' dir='ltr'>partium</span> <span class='ocrx_word' id='word_1_6' title='bbox 690 489 879 551; x_wconf 87' lang='lat' dir='ltr'>erant,</span> <span class='ocrx_word' id='word_1_7' title='bbox 934 487 1247 536; x_wconf 84' lang='lat' dir='ltr'>conturbari</span> <span class='ocrx_word' id='word_1_8' title='bbox 1285 485 1399 546; x_wconf 77' lang='lat' dir='ltr'>rem</span> <span class='ocrx_word' id='word_1_9' title='bbox 1435 486 1705 547; x_wconf 82' lang='lat' dir='ltr'><strong>publicam</strong></span> <span class='ocrx_word' id='word_1_10' title='bbox 1741 499 1902 549; x_wconf 86' lang='lat' dir='ltr'>quam</span> 
     </span>
     <span class='ocr_line' id='line_1_3' title="bbox 148 573 1903 638; baseline 0.001 -14"><span class='ocrx_word' id='word_1_11' title='bbox 148 579 335 624; x_wconf 86' lang='lat' dir='ltr'>minus</span> <span class='ocrx_word' id='word_1_12' title='bbox 374 573 565 624; x_wconf 86' lang='lat' dir='ltr'>valere</span> <span class='ocrx_word' id='word_1_13' title='bbox 599 574 705 634; x_wconf 82' lang='lat' dir='ltr'>ipsi</span> <span class='ocrx_word' id='word_1_14' title='bbox 735 574 1022 625; x_wconf 88' lang='lat' dir='ltr'>malebant.</span> <span class='ocrx_word' id='word_1_15' title='bbox 1075 573 1139 622; x_wconf 79' lang='lat' dir='ltr'>m</span> <span class='ocrx_word' id='word_1_16' title='bbox 1161 574 1299 631; x_wconf 76' lang='lat' dir='ltr'>adeo</span> <span class='ocrx_word' id='word_1_17' title='bbox 1333 576 1529 626; x_wconf 83' lang='lat' dir='ltr'>malum</span> <span class='ocrx_word' id='word_1_18' title='bbox 1553 574 1756 626; x_wconf 89' lang='lat' dir='ltr'>multos</span> <span class='ocrx_word' id='word_1_19' title='bbox 1779 580 1903 638; x_wconf 83' lang='lat' dir='ltr'>post</span> 
     </span>
     <span class='ocr_line' id='line_1_4' title="bbox 150 663 1111 713; baseline -0.001 -1"><span class='ocrx_word' id='word_1_20' title='bbox 150 675 333 713; x_wconf 83' lang='lat' dir='ltr'>annos</span> <span class='ocrx_word' id='word_1_21' title='bbox 372 663 432 712; x_wconf 88' lang='lat' dir='ltr'>in</span> <span class='ocrx_word' id='word_1_22' title='bbox 466 663 744 712; x_wconf 86' lang='lat' dir='ltr'>civitatem</span> <span class='ocrx_word' id='word_1_23' title='bbox 780 667 1111 713; x_wconf 81' lang='lat' dir='ltr'>revorterat.</span> 
     </span>
    </p>

    <p class='ocr_par' dir='ltr' id='par_1_3' title="bbox 148 749 1982 1967">
     <span class='ocr_line' id='line_1_5' title="bbox 256 749 1903 813; baseline 0.002 -14"><span class='ocrx_word' id='word_1_24' title='bbox 256 753 360 800; x_wconf 78' lang='lat'>38.</span> <span class='ocrx_word' id='word_1_25' title='bbox 406 751 545 801; x_wconf 84' lang='lat' dir='ltr'>Nam</span> <span class='ocrx_word' id='word_1_26' title='bbox 584 758 869 813; x_wconf 86' lang='lat' dir='ltr'><strong>postquam</strong></span> <span class='ocrx_word' id='word_1_27' title='bbox 905 749 1005 800; x_wconf 72' lang='lat' dir='ltr'>Gn.</span> <span class='ocrx_word' id='word_1_28' title='bbox 1042 752 1295 813; x_wconf 84' lang='lat' dir='ltr'>Pompeio</span> <span class='ocrx_word' id='word_1_29' title='bbox 1329 753 1386 802; x_wconf 89' lang='lat' dir='ltr'>et</span> <span class='ocrx_word' id='word_1_30' title='bbox 1419 753 1494 802; x_wconf 82' lang='lat' dir='ltr'>M.</span> <span class='ocrx_word' id='word_1_31' title='bbox 1530 749 1730 804; x_wconf 85' lang='lat' dir='ltr'>Crasso</span> <span class='ocrx_word' id='word_1_32' title='bbox 1767 764 1903 803; x_wconf 87' lang='lat' dir='ltr'>con-</span> 
     </span>
     <span class='ocr_line' id='line_1_6' title="bbox 148 839 1942 908; baseline 0.001 -18"><span class='ocrx_word' id='word_1_33' title='bbox 148 839 366 890; x_wconf 84' lang='lat' dir='ltr'>sulibus</span> <span class='ocrx_word' id='word_1_34' title='bbox 406 841 695 890; x_wconf 85' lang='lat' dir='ltr'>tribunicia</span> <span class='ocrx_word' id='word_1_35' title='bbox 731 844 972 902; x_wconf 85' lang='lat' dir='ltr'>potestas</span> <span class='ocrx_word' id='word_1_36' title='bbox 997 843 1251 890; x_wconf 84' lang='lat' dir='ltr'>restituta</span> <span class='ocrx_word' id='word_1_37' title='bbox 1293 844 1393 908; x_wconf 86' lang='lat' dir='ltr'>est,</span> <span class='ocrx_word' id='word_1_38' title='bbox 1427 840 1670 891; x_wconf 85' lang='lat' dir='ltr'>homines</span> <span class='ocrx_word' id='word_1_39' title='bbox 1707 841 1942 892; x_wconf 70' lang='lat' dir='ltr'>adme-5</span> 
     </span>
     <span class='ocr_line' id='line_1_7' title="bbox 149 930 1904 996; baseline 0.001 -19"><span class='ocrx_word' id='word_1_40' title='bbox 149 930 375 978; x_wconf 84' lang='lat' dir='ltr'>scentes</span> <span class='ocrx_word' id='word_1_41' title='bbox 401 939 657 977; x_wconf 89' lang='lat' dir='ltr'>summam</span> <span class='ocrx_word' id='word_1_42' title='bbox 680 931 1003 990; x_wconf 86' lang='lat' dir='ltr'>potestatem</span> <span class='ocrx_word' id='word_1_43' title='bbox 1036 931 1205 996; x_wconf 84' lang='lat' dir='ltr'>nacti,</span> <span class='ocrx_word' id='word_1_44' title='bbox 1244 931 1438 992; x_wconf 84' lang='lat' dir='ltr'>quibus</span> <span class='ocrx_word' id='word_1_45' title='bbox 1475 935 1630 980; x_wconf 85' lang='lat' dir='ltr'>aetas</span> <span class='ocrx_word' id='word_1_46' title='bbox 1664 933 1904 980; x_wconf 81' lang='lat' dir='ltr'>animus-</span> 
     </span>
     <span class='ocr_line' id='line_1_8' title="bbox 154 1016 1904 1084; baseline 0.002 -18"><span class='ocrx_word' id='word_1_47' title='bbox 154 1030 261 1080; x_wconf 89' lang='lat' dir='ltr'>que</span> <span class='ocrx_word' id='word_1_48' title='bbox 308 1016 471 1065; x_wconf 77' lang='lat' dir='ltr'>ferox</span> <span class='ocrx_word' id='word_1_49' title='bbox 520 1021 669 1084; x_wconf 85' lang='lat' dir='ltr'>erat,</span> <span class='ocrx_word' id='word_1_50' title='bbox 726 1028 961 1078; x_wconf 85' lang='lat' dir='ltr'>coepere</span> <span class='ocrx_word' id='word_1_51' title='bbox 1004 1020 1251 1068; x_wconf 84' lang='lat' dir='ltr'>senatum</span> <span class='ocrx_word' id='word_1_52' title='bbox 1307 1019 1640 1068; x_wconf 79' lang='lat' dir='ltr'><strong>criminando</strong></span> <span class='ocrx_word' id='word_1_53' title='bbox 1692 1018 1904 1080; x_wconf 78' lang='lat' dir='ltr'>plebem</span> 
     </span>
     <span class='ocr_line' id='line_1_9' title="bbox 153 1104 1906 1171; baseline 0.002 -17"><span class='ocrx_word' id='word_1_54' title='bbox 153 1107 469 1171; x_wconf 85' lang='lat' dir='ltr'>exagitare,</span> <span class='ocrx_word' id='word_1_55' title='bbox 518 1104 645 1154; x_wconf 88' lang='lat' dir='ltr'>dein</span> <span class='ocrx_word' id='word_1_56' title='bbox 678 1105 965 1168; x_wconf 76' lang='lat' dir='ltr'><strong>largiundo</strong></span> <span class='ocrx_word' id='word_1_57' title='bbox 1000 1109 1164 1168; x_wconf 85' lang='lat' dir='ltr'>atque</span> <span class='ocrx_word' id='word_1_58' title='bbox 1202 1105 1559 1169; x_wconf 78' lang='lat' dir='ltr'>pollicitando</span> <span class='ocrx_word' id='word_1_59' title='bbox 1601 1109 1776 1171; x_wconf 79' lang='lat' dir='ltr'>magis</span> <span class='ocrx_word' id='word_1_60' title='bbox 1815 1110 1906 1158; x_wconf 88' lang='lat' dir='ltr'>in-</span> 
     </span>
     <span class='ocr_line' id='line_1_10' title="bbox 158 1191 1906 1257; baseline 0.001 -13"><span class='ocrx_word' id='word_1_61' title='bbox 158 1193 397 1244; x_wconf 81' lang='lat' dir='ltr'>cendere</span> <span class='ocrx_word' id='word_1_62' title='bbox 412 1208 432 1257; x_wconf 83' lang='lat'><em>3</em></span> <span class='ocrx_word' id='word_1_63' title='bbox 485 1193 567 1242; x_wconf 86' lang='lat' dir='ltr'>ita</span> <span class='ocrx_word' id='word_1_64' title='bbox 613 1194 722 1255; x_wconf 83' lang='lat' dir='ltr'>ipsi</span> <span class='ocrx_word' id='word_1_65' title='bbox 774 1193 915 1244; x_wconf 87' lang='lat' dir='ltr'>clari</span> <span class='ocrx_word' id='word_1_66' title='bbox 958 1199 1318 1257; x_wconf 84' lang='lat' dir='ltr'>potentesque</span> <span class='ocrx_word' id='word_1_67' title='bbox 1359 1195 1492 1245; x_wconf 85' lang='lat' dir='ltr'>fieri.</span> <span class='ocrx_word' id='word_1_68' title='bbox 1563 1191 1768 1245; x_wconf 83' lang='lat' dir='ltr'>Contra</span> <span class='ocrx_word' id='word_1_69' title='bbox 1810 1207 1906 1246; x_wconf 80' lang='lat' dir='ltr'>eos</span> 
     </span>
     <span class='ocr_line' id='line_1_11' title="bbox 158 1282 1982 1346; baseline 0.001 -14"><span class='ocrx_word' id='word_1_70' title='bbox 158 1295 369 1332; x_wconf 82' lang='lat' dir='ltr'>summa</span> <span class='ocrx_word' id='word_1_71' title='bbox 403 1293 507 1343; x_wconf 89' lang='lat' dir='ltr'>ope</span> <span class='ocrx_word' id='word_1_72' title='bbox 542 1283 817 1333; x_wconf 78' lang='lat' dir='ltr'><strong>nitebatur</strong></span> <span class='ocrx_word' id='word_1_73' title='bbox 852 1282 1117 1344; x_wconf 81' lang='lat' dir='ltr'>pleraque</span> <span class='ocrx_word' id='word_1_74' title='bbox 1162 1283 1420 1335; x_wconf 73' lang='lat' dir='ltr'>nobilitas</span> <span class='ocrx_word' id='word_1_75' title='bbox 1461 1286 1682 1334; x_wconf 87' lang='lat' dir='ltr'>senatus</span> <span class='ocrx_word' id='word_1_76' title='bbox 1715 1286 1900 1346; x_wconf 78' lang='lat' dir='ltr'>specie</span> <span class='ocrx_word' id='word_1_77' title='bbox 1915 1284 1982 1336; x_wconf 77' lang='lat'>1⁰</span> 
     </span>
     <span class='ocr_line' id='line_1_12' title="bbox 158 1367 1907 1435; baseline 0.001 -13"><span class='ocrx_word' id='word_1_78' title='bbox 158 1383 261 1434; x_wconf 85' lang='lat' dir='ltr'>pro</span> <span class='ocrx_word' id='word_1_79' title='bbox 302 1382 407 1422; x_wconf 85' lang='lat' dir='ltr'>sua</span> <span class='ocrx_word' id='word_1_80' title='bbox 454 1367 843 1435; x_wconf 78' lang='lat' dir='ltr'>magnitudine.</span> <span class='ocrx_word' id='word_1_81' title='bbox 911 1371 1163 1434; x_wconf 82' lang='lat' dir='ltr'>Namque</span> <span class='ocrx_word' id='word_1_82' title='bbox 1200 1374 1282 1422; x_wconf 85' lang='lat' dir='ltr'>uti</span> <span class='ocrx_word' id='word_1_83' title='bbox 1335 1374 1524 1435; x_wconf 77' lang='lat' dir='ltr'>paucis</span> <span class='ocrx_word' id='word_1_84' title='bbox 1567 1383 1758 1422; x_wconf 80' lang='lat' dir='ltr'>verum</span> <span class='ocrx_word' id='word_1_85' title='bbox 1805 1375 1907 1424; x_wconf 85' lang='lat' dir='ltr'>ab-</span> 
     </span>
     <span class='ocr_line' id='line_1_13' title="bbox 154 1459 1907 1526; baseline 0.001 -16"><span class='ocrx_word' id='word_1_86' title='bbox 154 1461 373 1510; x_wconf 79' lang='lat' dir='ltr'>solvam</span> <span class='ocrx_word' id='word_1_87' title='bbox 392 1495 410 1526; x_wconf 89' lang='lat'>,</span> <span class='ocrx_word' id='word_1_88' title='bbox 476 1462 604 1521; x_wconf 85' lang='lat' dir='ltr'>post</span> <span class='ocrx_word' id='word_1_89' title='bbox 655 1459 757 1510; x_wconf 84' lang='lat' dir='ltr'>illa</span> <span class='ocrx_word' id='word_1_90' title='bbox 806 1459 1079 1522; x_wconf 77' lang='lat' dir='ltr'>tempora·</span> <span class='ocrx_word' id='word_1_91' title='bbox 1104 1461 1414 1524; x_wconf 82' lang='lat' dir='ltr'>quicunque</span> <span class='ocrx_word' id='word_1_92' title='bbox 1467 1473 1580 1511; x_wconf 87' lang='lat' dir='ltr'>rem</span> <span class='ocrx_word' id='word_1_93' title='bbox 1634 1461 1907 1523; x_wconf 80' lang='lat' dir='ltr'>publicam</span> 
     </span>
     <span class='ocr_line' id='line_1_14' title="bbox 156 1548 1907 1614; baseline 0.001 -16"><span class='ocrx_word' id='word_1_94' title='bbox 156 1551 476 1614; x_wconf 77' lang='lat' dir='ltr'>agitavere,</span> <span class='ocrx_word' id='word_1_95' title='bbox 539 1548 781 1598; x_wconf 82' lang='lat' dir='ltr'>honestis</span> <span class='ocrx_word' id='word_1_96' title='bbox 828 1551 1162 1612; x_wconf 83' lang='lat' dir='ltr'>nominlbus,</span> <span class='ocrx_word' id='word_1_97' title='bbox 1218 1549 1320 1600; x_wconf 88' lang='lat' dir='ltr'>alii</span> <span class='ocrx_word' id='word_1_98' title='bbox 1363 1552 1527 1600; x_wconf 87' lang='lat' dir='ltr'>sicuti</span> <span class='ocrx_word' id='word_1_99' title='bbox 1564 1549 1752 1613; x_wconf 89' lang='lat' dir='ltr'>populi</span> <span class='ocrx_word' id='word_1_100' title='bbox 1785 1551 1907 1600; x_wconf 81' lang='lat' dir='ltr'>iura</span> 
     </span>
     <span class='ocr_line' id='line_1_15' title="bbox 158 1624 1907 1701; baseline 0 -13"><span class='ocrx_word' id='word_1_101' title='bbox 158 1637 535 1701; x_wconf 78' lang='lat' dir='ltr'>defenderent,</span> <span class='ocrx_word' id='word_1_102' title='bbox 571 1649 700 1698; x_wconf 86' lang='lat' dir='ltr'>pars</span> <span class='ocrx_word' id='word_1_103' title='bbox 724 1649 833 1700; x_wconf 88' lang='lat' dir='ltr'>quo</span> <span class='ocrx_word' id='word_1_104' title='bbox 861 1641 1085 1687; x_wconf 81' lang='lat' dir='ltr'>senatus</span> <span class='ocrx_word' id='word_1_105' title='bbox 1125 1640 1428 1690; x_wconf 78' lang='lat' dir='ltr'>auctoritas</span> <span class='ocrx_word' id='word_1_106' title='bbox 1459 1624 1709 1690; x_wconf 74' lang='lat' dir='ltr'>maiuma</span> <span class='ocrx_word' id='word_1_107' title='bbox 1742 1638 1907 1700; x_wconf 71' lang='lat' dir='ltr'>roret,</span> 
     </span>
     <span class='ocr_line' id='line_1_16' title="bbox 161 1724 1981 1794; baseline 0.001 -18"><span class='ocrx_word' id='word_1_108' title='bbox 161 1726 359 1776; x_wconf 84' lang='lat' dir='ltr'>bonum</span> <span class='ocrx_word' id='word_1_109' title='bbox 396 1724 673 1788; x_wconf 82' lang='lat' dir='ltr'>publicum</span> <span class='ocrx_word' id='word_1_110' title='bbox 706 1726 1058 1794; x_wconf 81' lang='lat' dir='ltr'>simulantes,</span> <span class='ocrx_word' id='word_1_111' title='bbox 1109 1740 1211 1788; x_wconf 84' lang='lat' dir='ltr'>pro</span> <span class='ocrx_word' id='word_1_112' title='bbox 1250 1741 1352 1778; x_wconf 86' lang='lat' dir='ltr'>sua</span> <span class='ocrx_word' id='word_1_113' title='bbox 1393 1729 1622 1790; x_wconf 85' lang='lat' dir='ltr'>quisque</span> <span class='ocrx_word' id='word_1_114' title='bbox 1656 1727 1904 1789; x_wconf 77' lang='lat' dir='ltr'>potentia</span> <span class='ocrx_word' id='word_1_115' title='bbox 1917 1725 1981 1778; x_wconf 85' lang='lat'>15</span> 
     </span>
     <span class='ocr_line' id='line_1_17' title="bbox 160 1813 1927 1880; baseline -0.001 -16"><span class='ocrx_word' id='word_1_116' title='bbox 160 1813 486 1880; x_wconf 76' lang='lat' dir='ltr'>certabant;</span> <span class='ocrx_word' id='word_1_117' title='bbox 524 1825 701 1878; x_wconf 87' lang='lat' dir='ltr'>neque</span> <span class='ocrx_word' id='word_1_118' title='bbox 736 1814 851 1865; x_wconf 87' lang='lat' dir='ltr'>illis</span> <span class='ocrx_word' id='word_1_119' title='bbox 885 1817 1149 1865; x_wconf 83' lang='lat' dir='ltr'>modestia</span> <span class='ocrx_word' id='word_1_120' title='bbox 1182 1825 1363 1878; x_wconf 83' lang='lat' dir='ltr'>neque</span> <span class='ocrx_word' id='word_1_121' title='bbox 1386 1817 1576 1866; x_wconf 85' lang='lat' dir='ltr'>modus</span> <span class='ocrx_word' id='word_1_122' title='bbox 1601 1814 1927 1864; x_wconf 84' lang='lat' dir='ltr'>contentio-¹</span> 
     </span>
     <span class='ocr_line' id='line_1_18' title="bbox 159 1903 1738 1967; baseline 0.001 -16"><span class='ocrx_word' id='word_1_123' title='bbox 159 1905 244 1954; x_wconf 85' lang='lat' dir='ltr'>nis</span> <span class='ocrx_word' id='word_1_124' title='bbox 284 1907 443 1967; x_wconf 82' lang='lat' dir='ltr'>erat3</span> <span class='ocrx_word' id='word_1_125' title='bbox 483 1903 699 1966; x_wconf 86' lang='lat' dir='ltr'>utrique</span> <span class='ocrx_word' id='word_1_126' title='bbox 736 1905 1022 1954; x_wconf 84' lang='lat' dir='ltr'>victoriam</span> <span class='ocrx_word' id='word_1_127' title='bbox 1058 1903 1358 1954; x_wconf 83' lang='lat' dir='ltr'>crudeliter</span> <span class='ocrx_word' id='word_1_128' title='bbox 1391 1906 1738 1954; x_wconf 80' lang='lat' dir='ltr'>exercebant.</span> 
     </span>
    </p>

    <p class='ocr_par' dir='ltr' id='par_1_4' title="bbox 160 1992 1990 2949">
     <span class='ocr_line' id='line_1_19' title="bbox 266 1992 1910 2056; baseline 0 -15"><span class='ocrx_word' id='word_1_129' title='bbox 266 1994 363 2043; x_wconf 83' lang='grc'>39.</span> <span class='ocrx_word' id='word_1_130' title='bbox 402 1994 515 2043; x_wconf 81' lang='lat' dir='ltr'>Sed</span> <span class='ocrx_word' id='word_1_131' title='bbox 550 1996 833 2055; x_wconf 86' lang='lat' dir='ltr'>postquam</span> <span class='ocrx_word' id='word_1_132' title='bbox 872 1994 973 2044; x_wconf 79' lang='lat' dir='ltr'>Gn.</span> <span class='ocrx_word' id='word_1_133' title='bbox 1006 1994 1296 2056; x_wconf 76' lang='lat' dir='ltr'>Pompeius</span> <span class='ocrx_word' id='word_1_134' title='bbox 1344 1995 1411 2044; x_wconf 87' lang='lat' dir='ltr'>ad</span> <span class='ocrx_word' id='word_1_135' title='bbox 1448 1992 1648 2045; x_wconf 88' lang='lat' dir='ltr'>bellum</span> <span class='ocrx_word' id='word_1_136' title='bbox 1679 1992 1910 2046; x_wconf 77' lang='lat' dir='ltr'>maritu-</span> 
     </span>
     <span class='ocr_line' id='line_1_20' title="bbox 163 2080 1910 2163; baseline -0.002 -31"><span class='ocrx_word' id='word_1_137' title='bbox 163 2094 307 2133; x_wconf 87' lang='lat' dir='ltr'>mum</span> <span class='ocrx_word' id='word_1_138' title='bbox 337 2084 507 2144; x_wconf 88' lang='lat' dir='ltr'>atque</span> <span class='ocrx_word' id='word_1_139' title='bbox 544 2080 969 2133; x_wconf 83' lang='lat' dir='ltr'>Mithridaticum</span> <span class='ocrx_word' id='word_1_140' title='bbox 1016 2084 1213 2133; x_wconf 85' lang='lat' dir='ltr'>missus</span> <span class='ocrx_word' id='word_1_141' title='bbox 1261 2088 1381 2163; x_wconf 71' lang='lat' dir='ltr'>est,</span> <span class='ocrx_word' id='word_1_142' title='bbox 1431 2082 1606 2145; x_wconf 84' lang='lat' dir='ltr'>plebis</span> <span class='ocrx_word' id='word_1_143' title='bbox 1653 2094 1787 2144; x_wconf 85' lang='lat' dir='ltr'>opes</span> <span class='ocrx_word' id='word_1_144' title='bbox 1821 2082 1910 2130; x_wconf 83' lang='lat' dir='ltr'>in-</span> 
     </span>
     <span class='ocr_line' id='line_1_21' title="bbox 160 2172 1988 2236; baseline 0.003 -16"><span class='ocrx_word' id='word_1_145' title='bbox 160 2172 403 2221; x_wconf 85' lang='lat' dir='ltr'>minutae</span> <span class='ocrx_word' id='word_1_146' title='bbox 422 2204 439 2236; x_wconf 93' lang='lat'>,</span> <span class='ocrx_word' id='word_1_147' title='bbox 492 2182 789 2232; x_wconf 86' lang='lat' dir='ltr'>paucorum</span> <span class='ocrx_word' id='word_1_148' title='bbox 846 2172 1091 2232; x_wconf 81' lang='lat' dir='ltr'>potentia</span> <span class='ocrx_word' id='word_1_149' title='bbox 1144 2174 1340 2222; x_wconf 76' lang='lat' dir='ltr'>crevit.</span> <span class='ocrx_word' id='word_1_150' title='bbox 1419 2172 1494 2221; x_wconf 84' lang='lat' dir='ltr'>Hi</span> <span class='ocrx_word' id='word_1_151' title='bbox 1537 2172 1907 2235; x_wconf 83' lang='lat' dir='ltr'>magistratus,</span> <span class='ocrx_word' id='word_1_152' title='bbox 1918 2172 1988 2225; x_wconf 80' lang='lat'>20</span> 
     </span>
     <span class='ocr_line' id='line_1_22' title="bbox 162 2258 1912 2327; baseline 0 -18"><span class='ocrx_word' id='word_1_153' title='bbox 162 2260 503 2327; x_wconf 87' lang='lat' dir='ltr'>provincias,</span> <span class='ocrx_word' id='word_1_154' title='bbox 539 2258 757 2321; x_wconf 84' lang='lat' dir='ltr'>aliaque</span> <span class='ocrx_word' id='word_1_155' title='bbox 784 2262 963 2310; x_wconf 84' lang='lat' dir='ltr'>omnia</span> <span class='ocrx_word' id='word_1_156' title='bbox 996 2262 1198 2325; x_wconf 88' lang='lat' dir='ltr'>tenere,</span> <span class='ocrx_word' id='word_1_157' title='bbox 1232 2262 1344 2321; x_wconf 84' lang='lat' dir='ltr'>ipsi</span> <span class='ocrx_word' id='word_1_158' title='bbox 1375 2260 1602 2324; x_wconf 84' lang='lat' dir='ltr'>innoxii,</span> <span class='ocrx_word' id='word_1_159' title='bbox 1631 2261 1912 2323; x_wconf 75' lang='lat' dir='ltr'>florentes,</span> 
     </span>
     <span class='ocr_line' id='line_1_23' title="bbox 162 2348 1914 2414; baseline -0.001 -16"><span class='ocrx_word' id='word_1_160' title='bbox 162 2350 286 2399; x_wconf 89' lang='lat' dir='ltr'>sine</span> <span class='ocrx_word' id='word_1_161' title='bbox 335 2352 489 2397; x_wconf 89' lang='lat' dir='ltr'>metu</span> <span class='ocrx_word' id='word_1_162' title='bbox 554 2352 791 2398; x_wconf 85' lang='lat' dir='ltr'>aetatem</span> <span class='ocrx_word' id='word_1_163' title='bbox 860 2360 1027 2412; x_wconf 84' lang='lat' dir='ltr'>agere</span> <span class='ocrx_word' id='word_1_164' title='bbox 1048 2384 1065 2413; x_wconf 93' lang='lat'>‚</span> <span class='ocrx_word' id='word_1_165' title='bbox 1138 2351 1357 2399; x_wconf 82' lang='lat' dir='ltr'>ceteros</span> <span class='ocrx_word' id='word_1_166' title='bbox 1409 2348 1628 2397; x_wconf 85' lang='lat' dir='ltr'>iudiciis</span> <span class='ocrx_word' id='word_1_167' title='bbox 1683 2352 1914 2414; x_wconf 84' lang='lat' dir='ltr'>terrere,</span> 
     </span>
     <span class='ocr_line' id='line_1_24' title="bbox 165 2436 1914 2500; baseline 0 -15"><span class='ocrx_word' id='word_1_168' title='bbox 165 2450 275 2500; x_wconf 89' lang='lat' dir='ltr'>quo</span> <span class='ocrx_word' id='word_1_169' title='bbox 312 2436 528 2499; x_wconf 85' lang='lat' dir='ltr'>plebem</span> <span class='ocrx_word' id='word_1_170' title='bbox 562 2438 620 2487; x_wconf 88' lang='lat' dir='ltr'>in</span> <span class='ocrx_word' id='word_1_171' title='bbox 656 2438 981 2499; x_wconf 83' lang='lat' dir='ltr'>magistratu</span> <span class='ocrx_word' id='word_1_172' title='bbox 1018 2438 1288 2498; x_wconf 88' lang='lat' dir='ltr'>placidius</span> <span class='ocrx_word' id='word_1_173' title='bbox 1316 2441 1632 2488; x_wconf 81' lang='lat' dir='ltr'>tractarent.</span> <span class='ocrx_word' id='word_1_174' title='bbox 1687 2437 1800 2487; x_wconf 82' lang='lat' dir='ltr'>Sed</span> <span class='ocrx_word' id='word_1_175' title='bbox 1823 2436 1914 2487; x_wconf 81' lang='lat' dir='ltr'>ubi</span> 
     </span>
     <span class='ocr_line' id='line_1_25' title="bbox 163 2524 1914 2590; baseline -0.001 -14"><span class='ocrx_word' id='word_1_176' title='bbox 163 2528 395 2588; x_wconf 86' lang='lat' dir='ltr'>primum</span> <span class='ocrx_word' id='word_1_177' title='bbox 444 2524 621 2575; x_wconf 80' lang='lat' dir='ltr'>dubiis</span> <span class='ocrx_word' id='word_1_178' title='bbox 670 2526 835 2575; x_wconf 83' lang='lat' dir='ltr'>rebus</span> <span class='ocrx_word' id='word_1_179' title='bbox 880 2526 1119 2575; x_wconf 82' lang='lat' dir='ltr'>novandi</span> <span class='ocrx_word' id='word_1_180' title='bbox 1170 2537 1300 2588; x_wconf 85' lang='lat' dir='ltr'>spes</span> <span class='ocrx_word' id='word_1_181' title='bbox 1345 2525 1532 2575; x_wconf 79' lang='lat' dir='ltr'>oblata</span> <span class='ocrx_word' id='word_1_182' title='bbox 1581 2526 1694 2590; x_wconf 87' lang='lat' dir='ltr'>est,</span> <span class='ocrx_word' id='word_1_183' title='bbox 1753 2528 1914 2575; x_wconf 81' lang='lat' dir='ltr'>vetus</span> 
     </span>
     <span class='ocr_line' id='line_1_26' title="bbox 163 2609 1990 2676; baseline 0 -11"><span class='ocrx_word' id='word_1_184' title='bbox 163 2616 444 2665; x_wconf 81' lang='lat' dir='ltr'>certamen</span> <span class='ocrx_word' id='word_1_185' title='bbox 478 2612 686 2663; x_wconf 78' lang='lat' dir='ltr'>animos</span> <span class='ocrx_word' id='word_1_186' title='bbox 728 2625 914 2663; x_wconf 90' lang='lat' dir='ltr'>eorum</span> <span class='ocrx_word' id='word_1_187' title='bbox 950 2615 1172 2664; x_wconf 85' lang='lat' dir='ltr'>arrexit.</span> <span class='ocrx_word' id='word_1_188' title='bbox 1242 2609 1449 2676; x_wconf 81' lang='lat' dir='ltr'>Quodsi</span> <span class='ocrx_word' id='word_1_189' title='bbox 1488 2615 1661 2674; x_wconf 88' lang='lat' dir='ltr'>primo</span> <span class='ocrx_word' id='word_1_190' title='bbox 1699 2612 1990 2675; x_wconf 77' lang='lat' dir='ltr'>proelio25</span> 
     </span>
     <span class='ocr_line' id='line_1_27' title="bbox 164 2700 1914 2765; baseline -0.001 -12"><span class='ocrx_word' id='word_1_191' title='bbox 164 2700 411 2755; x_wconf 77' lang='lat' dir='ltr'>Catilina</span> <span class='ocrx_word' id='word_1_192' title='bbox 440 2704 693 2764; x_wconf 81' lang='lat' dir='ltr'>superior</span> <span class='ocrx_word' id='word_1_193' title='bbox 728 2706 825 2753; x_wconf 87' lang='lat' dir='ltr'>aut</span> <span class='ocrx_word' id='word_1_194' title='bbox 856 2714 1037 2765; x_wconf 86' lang='lat' dir='ltr'>aequa</span> <span class='ocrx_word' id='word_1_195' title='bbox 1068 2715 1231 2752; x_wconf 86' lang='lat' dir='ltr'>manu</span> <span class='ocrx_word' id='word_1_196' title='bbox 1260 2702 1626 2765; x_wconf 78' lang='lat' dir='ltr'>discessisset,</span> <span class='ocrx_word' id='word_1_197' title='bbox 1664 2701 1914 2763; x_wconf 76' lang='lat' dir='ltr'>profecto</span> 
     </span>
     <span class='ocr_line' id='line_1_28' title="bbox 160 2789 1916 2857; baseline -0.002 -15"><span class='ocrx_word' id='word_1_198' title='bbox 160 2804 367 2857; x_wconf 83' lang='lat' dir='ltr'>magna</span> <span class='ocrx_word' id='word_1_199' title='bbox 386 2790 575 2841; x_wconf 87' lang='lat' dir='ltr'>clades</span> <span class='ocrx_word' id='word_1_200' title='bbox 598 2794 762 2854; x_wconf 77' lang='lat' dir='ltr'>atque</span> <span class='ocrx_word' id='word_1_201' title='bbox 784 2789 1069 2843; x_wconf 80' lang='lat' dir='ltr'>calamitas</span> <span class='ocrx_word' id='word_1_202' title='bbox 1088 2802 1203 2841; x_wconf 88' lang='lat' dir='ltr'>rem</span> <span class='ocrx_word' id='word_1_203' title='bbox 1226 2791 1500 2853; x_wconf 83' lang='lat' dir='ltr'>publicam</span> <span class='ocrx_word' id='word_1_204' title='bbox 1523 2792 1916 2855; x_wconf 70' lang='lat' dir='ltr'>oppressisset3</span> 
     </span>
     <span class='ocr_line' id='line_1_29' title="bbox 160 2878 1918 2949; baseline 0.001 -20"><span class='ocrx_word' id='word_1_205' title='bbox 160 2892 343 2943; x_wconf 83' lang='lat' dir='ltr'>neque</span> <span class='ocrx_word' id='word_1_206' title='bbox 378 2878 495 2929; x_wconf 83' lang='lat' dir='ltr'>illis</span> <span class='ocrx_word' id='word_1_207' title='bbox 514 2914 531 2949; x_wconf 90' lang='lat'>,</span> <span class='ocrx_word' id='word_1_208' title='bbox 568 2882 663 2943; x_wconf 84' lang='lat' dir='ltr'>qui</span> <span class='ocrx_word' id='word_1_209' title='bbox 694 2881 985 2931; x_wconf 84' lang='lat' dir='ltr'>victoriam</span> <span class='ocrx_word' id='word_1_210' title='bbox 1018 2881 1205 2943; x_wconf 81' lang='lat' dir='ltr'>adepti</span> <span class='ocrx_word' id='word_1_211' title='bbox 1236 2882 1452 2945; x_wconf 86' lang='lat' dir='ltr'>forent,</span> <span class='ocrx_word' id='word_1_212' title='bbox 1495 2880 1697 2931; x_wconf 81' lang='lat' dir='ltr'>diutius</span> <span class='ocrx_word' id='word_1_213' title='bbox 1733 2890 1804 2930; x_wconf 86' lang='lat' dir='ltr'>ea</span> <span class='ocrx_word' id='word_1_214' title='bbox 1835 2880 1918 2931; x_wconf 74' lang='lat' dir='ltr'>uti</span> 
     </span>
    </p>
   </div>
   <div class='ocr_carea' id='block_1_3' title="bbox 171 3002 565 3015">
    <p class='ocr_par' dir='ltr' id='par_1_5' title="bbox 171 3002 565 3015">
     <span class='ocr_line' id='line_1_30' title="bbox 171 3002 565 3015; baseline 0 0"><span class='ocrx_word' id='word_1_215' title='bbox 171 3002 565 3015; x_wconf 95' lang='lat' dir='ltr'> </span> 
     </span>
    </p>
   </div>
   <div class='ocr_carea' id='block_1_4' title="bbox 160 3066 1920 3383">
    <p class='ocr_par' dir='ltr' id='par_1_6' title="bbox 160 3066 1920 3383">
     <span class='ocr_line' id='line_1_31' title="bbox 264 3066 1919 3120; baseline -0.001 -15"><span class='ocrx_word' id='word_1_216' title='bbox 264 3066 303 3107; x_wconf 87' lang='lat'>1.</span> <span class='ocrx_word' id='word_1_217' title='bbox 330 3069 511 3116; x_wconf 68' lang='lat' dir='ltr'>partium</span> <span class='ocrx_word' id='word_1_218' title='bbox 537 3072 661 3120; x_wconf 72' lang='lat' dir='ltr'>oeque</span> <span class='ocrx_word' id='word_1_219' title='bbox 682 3073 841 3107; x_wconf 71' lang='lat' dir='ltr'>matun</span> <span class='ocrx_word' id='word_1_220' title='bbox 866 3069 917 3108; x_wconf 92' lang='lat' dir='ltr'>V.</span> <span class='ocrx_word' id='word_1_221' title='bbox 944 3070 1073 3107; x_wconf 65' lang='lat' dir='ltr'>nmen·</span> <span class='ocrx_word' id='word_1_222' title='bbox 1095 3069 1149 3109; x_wconf 71' lang='lat' dir='ltr'>K.</span> <span class='ocrx_word' id='word_1_223' title='bbox 1175 3089 1225 3098; x_wconf 94' lang='lat'>—</span> <span class='ocrx_word' id='word_1_224' title='bbox 1273 3070 1314 3108; x_wconf 71' lang='lat'>8.</span> <span class='ocrx_word' id='word_1_225' title='bbox 1343 3080 1424 3107; x_wconf 85' lang='lat' dir='ltr'>om.</span> <span class='ocrx_word' id='word_1_226' title='bbox 1449 3067 1548 3107; x_wconf 72' lang='lat' dir='ltr'>adeo</span> <span class='ocrx_word' id='word_1_227' title='bbox 1574 3068 1624 3109; x_wconf 83' lang='lat' dir='ltr'>V.</span> <span class='ocrx_word' id='word_1_228' title='bbox 1651 3088 1702 3099; x_wconf 89' lang='lat'>—</span> <span class='ocrx_word' id='word_1_229' title='bbox 1729 3069 1770 3106; x_wconf 87' lang='grc'>8.</span> <span class='ocrx_word' id='word_1_230' title='bbox 1795 3066 1919 3117; x_wconf 74' lang='lat' dir='ltr'>poth·-</span> 
     </span>
     <span class='ocr_line' id='line_1_32' title="bbox 160 3134 1918 3187; baseline 0.001 -11"><span class='ocrx_word' id='word_1_231' title='bbox 160 3136 292 3176; x_wconf 74' lang='lat' dir='ltr'>eendo</span> <span class='ocrx_word' id='word_1_232' title='bbox 322 3136 375 3177; x_wconf 83' lang='lat' dir='ltr'>V.</span> <span class='ocrx_word' id='word_1_233' title='bbox 403 3156 454 3167; x_wconf 93' lang='lat'>·-</span> <span class='ocrx_word' id='word_1_234' title='bbox 502 3136 564 3177; x_wconf 82' lang='lat'>10.</span> <span class='ocrx_word' id='word_1_235' title='bbox 604 3139 735 3177; x_wconf 72' lang='lat' dir='ltr'>senate·</span> <span class='ocrx_word' id='word_1_236' title='bbox 756 3136 813 3177; x_wconf 70' lang='lat' dir='ltr'>K.</span> <span class='ocrx_word' id='word_1_237' title='bbox 844 3159 889 3170; x_wconf 90' lang='lat'>·-</span> <span class='ocrx_word' id='word_1_238' title='bbox 942 3136 1002 3177; x_wconf 76' lang='lat'>18.</span> <span class='ocrx_word' id='word_1_239' title='bbox 1046 3137 1139 3176; x_wconf 68' lang='lat' dir='ltr'>sura</span> <span class='ocrx_word' id='word_1_240' title='bbox 1178 3136 1320 3187; x_wconf 69' lang='lat' dir='ltr'>popula·</span> <span class='ocrx_word' id='word_1_241' title='bbox 1354 3136 1404 3175; x_wconf 91' lang='lat' dir='ltr'>V.</span> <span class='ocrx_word' id='word_1_242' title='bbox 1433 3159 1477 3168; x_wconf 91' lang='grc'><strong>-</strong></span> <span class='ocrx_word' id='word_1_243' title='bbox 1529 3136 1594 3176; x_wconf 78' lang='grc'>14.</span> <span class='ocrx_word' id='word_1_244' title='bbox 1628 3138 1760 3175; x_wconf 67' lang='lat' dir='ltr'>sennen·</span> <span class='ocrx_word' id='word_1_245' title='bbox 1785 3134 1839 3177; x_wconf 75' lang='grc' dir='ltr'>Κ.</span> <span class='ocrx_word' id='word_1_246' title='bbox 1867 3154 1918 3169; x_wconf 83' lang='lat'>··-</span> 
     </span>
     <span class='ocr_line' id='line_1_33' title="bbox 160 3204 1918 3257; baseline -0.001 -13"><span class='ocrx_word' id='word_1_247' title='bbox 160 3206 223 3245; x_wconf 77' lang='lat'>26.</span> <span class='ocrx_word' id='word_1_248' title='bbox 269 3204 451 3245; x_wconf 63' lang='lat' dir='ltr'>cautae</span> <span class='ocrx_word' id='word_1_249' title='bbox 474 3206 523 3246; x_wconf 91' lang='lat' dir='ltr'>V.</span> <span class='ocrx_word' id='word_1_250' title='bbox 548 3226 601 3235; x_wconf 95' lang='lat'>—</span> <span class='ocrx_word' id='word_1_251' title='bbox 646 3204 707 3245; x_wconf 68' lang='lat'>2¹.</span> <span class='ocrx_word' id='word_1_252' title='bbox 750 3210 870 3257; x_wconf 77' lang='lat' dir='ltr'>atquc</span> <span class='ocrx_word' id='word_1_253' title='bbox 894 3204 985 3244; x_wconf 72' lang='lat' dir='ltr'>alia</span> <span class='ocrx_word' id='word_1_254' title='bbox 1010 3206 1142 3243; x_wconf 69' lang='lat' dir='ltr'>onnia</span> <span class='ocrx_word' id='word_1_255' title='bbox 1165 3205 1217 3246; x_wconf 85' lang='lat' dir='ltr'>V.</span> <span class='ocrx_word' id='word_1_256' title='bbox 1242 3224 1296 3233; x_wconf 85' lang='lat'>-··</span> <span class='ocrx_word' id='word_1_257' title='bbox 1341 3205 1406 3244; x_wconf 71' lang='lat'>22.</span> <span class='ocrx_word' id='word_1_258' title='bbox 1433 3209 1660 3255; x_wconf 71' lang='lat' dir='ltr'>ceterosque</span> <span class='ocrx_word' id='word_1_259' title='bbox 1683 3204 1733 3243; x_wconf 78' lang='lat' dir='ltr'>V.</span> <span class='ocrx_word' id='word_1_260' title='bbox 1766 3209 1918 3243; x_wconf 67' lang='lat' dir='ltr'>enm·</span> 
     </span>
     <span class='ocr_line' id='line_1_34' title="bbox 160 3272 1920 3327; baseline 0.001 -16"><span class='ocrx_word' id='word_1_261' title='bbox 160 3272 303 3324; x_wconf 73' lang='lat' dir='ltr'>[que]</span> <span class='ocrx_word' id='word_1_262' title='bbox 328 3274 379 3315; x_wconf 77' lang='lat' dir='ltr'>G.</span> <span class='ocrx_word' id='word_1_263' title='bbox 404 3298 451 3307; x_wconf 90' lang='lat'><strong>—</strong></span> <span class='ocrx_word' id='word_1_264' title='bbox 490 3276 553 3316; x_wconf 73' lang='lat'>2³.</span> <span class='ocrx_word' id='word_1_265' title='bbox 583 3275 686 3327; x_wconf 79' lang='lat' dir='ltr'>quo]</span> <span class='ocrx_word' id='word_1_266' title='bbox 710 3272 1141 3318; x_wconf 66' lang='lat' dir='ltr'>Bn.ninsiod.1.0id.</span> <span class='ocrx_word' id='word_1_267' title='bbox 1156 3273 1296 3315; x_wconf 67' lang='lat' dir='ltr'>Turio.</span> <span class='ocrx_word' id='word_1_268' title='bbox 1311 3274 1362 3315; x_wconf 89' lang='lat' dir='ltr'>V.</span> <span class='ocrx_word' id='word_1_269' title='bbox 1385 3275 1455 3323; x_wconf 72' lang='grc' dir='ltr'>φα·</span> <span class='ocrx_word' id='word_1_270' title='bbox 1468 3272 1520 3315; x_wconf 80' lang='grc' dir='ltr'>Κ.</span> <span class='ocrx_word' id='word_1_271' title='bbox 1548 3274 1656 3315; x_wconf 81' lang='lat' dir='ltr'>coni.</span> <span class='ocrx_word' id='word_1_272' title='bbox 1673 3272 1780 3325; x_wconf 72' lang='lat' dir='ltr'>quod</span> <span class='ocrx_word' id='word_1_273' title='bbox 1804 3272 1920 3313; x_wconf 75' lang='lat' dir='ltr'>G.—</span> 
     </span>
     <span class='ocr_line' id='line_1_35' title="bbox 164 3342 529 3383; baseline 0.003 -1"><span class='ocrx_word' id='word_1_274' title='bbox 164 3342 230 3382; x_wconf 67' lang='lat'>24.</span> <span class='ocrx_word' id='word_1_275' title='bbox 260 3342 456 3382; x_wconf 65' lang='lat' dir='ltr'>nova-dic</span> <span class='ocrx_word' id='word_1_276' title='bbox 478 3342 529 3383; x_wconf 87' lang='lat' dir='ltr'>V.</span> 
     </span>
    </p>
   </div>
  </div>
 </body>
</html>
