2525 3925
640 320 929 377 mamm
960 326 1035 375 115
1038 324 1484 377 GUR'I'HI-NUM.
1829 314 1931 376 '183

180 480 335 522 -ar'vo
372 469 617 533 student,
664 474 723 520 et
756 468 1127 533 quodcumque
1159 474 1347 520 natum
1379 472 1560 521 suerat
1591 470 1745 531 iussu
1777 472 1930 535 regis

185 560 249 609 in
284 558 413 610 loca
445 559 652 609 munita
684 558 1055 625 contulerant,
1106 570 1242 621 ager
1281 560 1464 609 autem
1497 558 1684 608 aridus
1717 561 1776 609 et
1807 559 1930 609 fru-

182 658 322 711 gum
372 658 581 697 vacuus
630 658 701 696 ea
754 648 1075 708 tempestate
1091 678 1110 713 ,
1170 656 1298 696 nam
1354 648 1584 697 aestatis
1635 648 1930 697 extremum

182 736 381 800 erat,)
436 738 615 785 tamen
646 743 752 796 pro
784 735 870 783 rei
905 734 1066 796 copia
1095 735 1234 784 satis
1278 734 1632 794 providenter
1671 735 1900 784 exornat
1909 748 1930 797 ς

186 833 362 885 pecus
396 834 580 886 omne,
635 822 779 885 quod
813 822 1181 885 superioribus
1215 821 1408 872 diebus
1455 820 1690 884 praedae
1729 822 1971 886 fuerat,5

180 911 467 973 equitibus
518 910 822 961 auxiliariis
880 910 1145 973 agendum
1199 910 1494 977 adtribuit,
1547 911 1613 958 A.
1663 909 1933 960 Manlium

185 987 438 1062 legatum
494 1010 612 1049 cum
668 998 981 1047 cohortibus
1030 998 1294 1059 expeditis
1341 997 1409 1047 ad
1457 998 1708 1060 oppidum
1753 997 1932 1061 Laris,

188 1088 289 1135 ubi
322 1087 651 1147 stipendium
684 1087 742 1135 et
776 1088 1113 1135 conmeatum
1145 1085 1451 1151 locaverat,
1483 1086 1568 1135 ire
1596 1086 1748 1135 iubet
1769 1085 1934 1135 dicit-

182 1185 299 1237 que
329 1184 395 1223 >se
429 1172 863 1235 praedabundum
898 1174 1025 1233 post
1046 1184 1249 1235 paucos
1274 1173 1390 1221 dies
1413 1174 1602 1223 eodem
1625 1175 1933 1225 venturum.

189 1262 295 1311 Sic
325 1261 547 1322 incepto
586 1272 685 1310 suo
726 1260 1001 1311 occultato
1035 1262 1216 1325 pergit
1252 1262 1320 1311 ad
1352 1262 1548 1311 flumen
1583 1260 1804 1311 Tanam.
1943 1260 2012 1314 1⁰

300 1348 387 1397 91.
441 1346 691 1399 ceterum
734 1350 789 1398 in
836 1350 1035 1398 itinere
1072 1348 1272 1399 cotidie
1311 1360 1484 1410 pecus
1531 1348 1800 1400 exercitui
1833 1360 1936 1411 per

188 1436 501 1502 centurias,
552 1438 682 1487 item
728 1438 933 1487 turmas
979 1436 1289 1499 acqualiter
1335 1436 1717 1500 distribuerat,
1766 1438 1824 1487 et
1865 1448 1937 1486 ex

188 1526 362 1575 coriis
397 1526 547 1575 utres
578 1524 659 1574 uti
706 1523 899 1574 fierent
946 1523 1202 1588 curabatf,
1254 1524 1420 1575 simul
1453 1527 1512 1575 et
1544 1526 1780 1587 inopiam
1812 1523 1935 1574 fru-

186 1613 362 1663 menti
388 1611 565 1662 lenire
600 1614 658 1662 et
688 1613 899 1675 ignaris
932 1611 1176 1662 omnibus
1212 1623 1442 1676 parare,
1479 1623 1617 1675 quae
1650 1624 1778 1663 mox
1813 1613 1935 1662 usui

186 1701 405 1760 forent3
447 1699 681 1761 denique
714 1701 871 1749 sexto
906 1700 1013 1761 die,
1054 1710 1216 1762 quom
1250 1698 1323 1749 ad
1357 1701 1552 1749 flumen
1581 1702 1804 1750 ventum
1827 1700 1932 1765 est,
1943 1698 2011 1752 15

188 1798 443 1839 maxuma
476 1788 563 1836 vis
594 1787 794 1835 utriu-
830 1784 1046 1835 effecta.
1106 1786 1189 1836 ibi
1222 1786 1422 1836 castris
1449 1786 1568 1836 levi
1603 1788 1936 1837 munimento

188 1876 416 1941 positis,
474 1874 677 1923 milites
728 1874 905 1923 cibum
960 1884 1160 1935 capere
1218 1875 1409 1938 atque,
1467 1876 1548 1923 uti
1595 1872 1757 1924 simul
1809 1886 1936 1924 cum

188 1975 393 2017 occasu
424 1963 561 2014 solis
596 1965 990 2027 egrederentur
1004 1996 1023 2030 ,
1057 1965 1281 2025 paratos
1315 1973 1440 2013 esse
1473 1964 1654 2027 iubet,
1691 1964 1938 2014 omnibus

188 2053 424 2106 sarcinis
454 2053 701 2119 abiectis,
740 2063 888 2115 aqua
921 2051 1081 2102 modo
1117 2031 1285 2114 s‘eque
1319 2052 1377 2102 et
1413 2052 1650 2102 iumenta
1686 2061 1938 2101 onerare.

188 2142 351 2203 Dein,
386 2143 667 2203 postquam
700 2143 907 2202 tempus
929 2139 1128 2207 visum,
1166 2139 1366 2190 castris
1388 2138 1670 2204 egreditur
1684 2141 1932 2189 noctem·
1945 2139 2016 2192 2⁰

190 2240 297 2292 que
332 2231 507 2278 totam
542 2229 739 2278 itinere
774 2227 925 2278 racto
962 2226 1209 2278 consedit
1218 2241 1238 2291 3
1293 2227 1436 2277 idem
1484 2237 1748 2289 proxuma
1781 2225 1937 2290 facit,

188 2317 318 2366 dein
354 2317 518 2365 tertia
552 2315 727 2366 multo
762 2317 893 2366 ante
931 2314 1077 2365 lucis
1113 2315 1410 2365 adventum
1458 2315 1714 2376 pervenit
1751 2314 1812 2363 in
1847 2311 1940 2364 lo-

188 2415 317 2454 cum
362 2402 692 2452 tumulosum
740 2402 809 2451 ab
861 2399 1044 2464 capsa
1086 2412 1195 2451 non
1244 2401 1478 2462 amplius
1522 2401 1686 2451 duum
1729 2399 1938 2450 milium

190 2486 490 2540 intervallo
500 2501 519 2551 ς
552 2489 762 2552 ibique,
798 2501 963 2551 quam
1000 2488 1390 2539 occultissume
1418 2489 1627 2555 potest,
1661 2498 1783 2537 cum
1819 2499 1939 2536 om-

188 2577 354 2628 nibus
390 2576 564 2636 copiis
598 2577 891 2636 obperitur.
945 2577 1055 2627 sed
1091 2576 1179 2627 ubi
1216 2575 1334 2626 dies
1369 2576 1553 2638 coepit
1588 2575 1645 2624 et
1671 2573 1936 2626 Numidae
1945 2577 2013 2629 25

188 2664 331 2717 nihil
363 2661 566 2714 hostile
602 2663 939 2731 metuentes,
986 2662 1145 2713 multi
1182 2664 1380 2726 oppido
1417 2663 1658 2727 egressi,
1707 2663 1939 2722 repente

192 2763 407 2805 omnem
430 2752 726 2817 equitatum
761 2753 819 2800 et
856 2763 981 2801 cum
1016 2749 1101 2800 iiis
1122 2749 1518 2801 velocissumos
1539 2749 1750 2813 pedites
1774 2759 1938 2798 cursu

190 2841 422 2892 tendere
472 2839 539 2889 ad
579 2836 810 2900 Capsam
859 2841 918 2889 et
969 2839 1155 2900 portas
1202 2838 1458 2889 obsidere
1505 2838 1656 2889 iubet
1665 2851 1686 2901 3
1741 2836 1938 2887 deinde

190 2932 312 2992 ipse
365 2929 605 2977 intentus
659 2938 894 2989 propere
942 2927 1129 2990 sequi,
1192 2937 1372 2989 neque
1423 2924 1633 2976 milites
1683 2922 1939 2988 praedari

188 3019 392 3069 sinere.
462 3012 616 3079 Quae
662 3017 946 3078 postquam
992 3012 1252 3077 oppidani
1299 3025 1637 3080 cognovere,
1689 3024 1782 3064 res
1817 3014 1932 3063 tre-
1946 3011 2016 3065 30

190 3105 385 3171 pidae,
430 3107 606 3154 metus
639 3103 862 3169 ingens,
910 3102 1113 3155 malum
1146 3101 1511 3166 inprovisum,
1565 3099 1634 3150 ad
1667 3099 1771 3151 hoc
1807 3111 1937 3164 pars

295 3297 723 3339 1⁰.1'hmnV.-
772 3297 1059 3339 1?.utV.·-
1106 3297 1381 3338 oe.aV.—
1429 3295 1690 3337 nde-’nm
