2525 3925
859 346 1231 403 maneum:
1269 344 1428 400 exn.
1909 350 2020 405 241

268 504 466 558 regem
509 493 777 545 'remissus
826 496 927 545 est.
1008 496 1123 545 Res
1167 472 1458 557 praeterea
1501 497 1692 547 contra
1737 496 2022 567 Etruscos,

268 584 553 653 Lucanos,
584 584 823 635 Bruttios
848 586 905 635 et
926 584 1199 637 Samnites
1234 596 1502 647 prospere
1535 588 1724 651 gestas
1757 590 2017 640 continet.

932 754 1168 807 Liber
1217 755 1364 805 XIV.

383 858 628 923 Pyrrhus
666 861 725 909 in
759 858 1007 911 Siciliam
1045 862 1280 911 traiecit.
1353 858 1488 911 Cum
1533 863 1681 913 inter
1726 862 1840 913 alia
1884 874 2018 925 pro-

270 948 429 1013 digia
464 947 694 997 fulmine
728 949 1003 999 deiectum
1039 956 1187 1001 esset
1214 952 1273 1009 in
1299 946 1568 1013 Capitolio
1593 953 1742 1001 Iovis
1777 952 2058 1017 signum‚5

270 1040 443 1101 caput
477 1038 594 1087 eius
644 1049 743 1099 per
782 1038 1102 1101 haruspices
1144 1040 1426 1091 inventum
1462 1043 1564 1091 est.
1636 1038 1831 1092 Curius
1865 1040 2017 1091 Den-

183 1132 191 1137 ·
270 1129 455 1193 tatus,
504 1138 627 1176 cum
664 1126 931 1177 delectum
962 1126 1216 1193 baberet,
1256 1130 1376 1179 eius
1416 1130 1508 1193 qui
1546 1131 1746 1179 citatus
1781 1140 1890 1179 non
1923 1140 2017 1181 re-

180 1215 573 1279 ·wsssponderat
620 1215 760 1266 bona
803 1216 1009 1278 primus
1054 1216 1300 1267 vendidit
1315 1232 1334 1281 3
1388 1218 1657 1281 Pyrrhum
1702 1218 1902 1269 iterum
1949 1228 2018 1267 ex

182 1303 475 1356 awSicilia
507 1304 563 1355 in
588 1304 807 1355 Italiam
841 1284 1123 1355 reversum
1164 1306 1302 1356 vicit
1335 1309 1392 1357 et
1426 1306 1590 1357 Italia
1625 1306 1852 1369 expulit.
1903 1306 2020 1355 Fa-

268 1394 479 1445 bricius
514 1404 709 1443 censor
738 1396 799 1443 P.
824 1390 1135 1445 Cornelium
1160 1394 1410 1446 Rufinum
1446 1394 1788 1447 consularem
1820 1396 2014 1445 senatu
2025 1394 2092 1447 10

270 1482 471 1545 movit,
510 1484 654 1544 quod
689 1483 737 1531 is
772 1482 965 1533 decem
994 1484 1428 1547 pondoargenti
1447 1485 1583 1533 facti
1607 1484 1850 1535 haberet.
1900 1484 2018 1533 Lu·

270 1574 393 1621 stro
429 1584 465 1621 a
501 1570 821 1620 censoribus
858 1570 1075 1621 condito
1115 1583 1282 1623 censa
1305 1575 1434 1621 sunt
1457 1573 1642 1635 capita
1679 1572 1880 1623 civium
1916 1575 2018 1623 du·-

270 1661 435 1709 centa
482 1660 831 1723 septuaginta
878 1670 1038 1709 unum
1082 1658 1269 1725 milia,
1324 1662 1556 1711 ducenta
1609 1662 1809 1725 viginti
1859 1662 2019 1722 quat-

182 1743 415 1799 ⁴⁸¹tuor.
478 1746 610 1797 Cum
632 1748 943 1799 Ptolemaeo
970 1750 1215 1813 Aegypti
1253 1760 1389 1813 rege
1421 1749 1661 1799 societas
1693 1748 1881 1797 iuncta
1915 1745 2016 1797 est.

264 1836 496 1887 Sestilia
545 1838 705 1900 virgo
760 1836 1006 1887 Vestalis
1056 1837 1316 1887 damnata
1367 1837 1566 1887 incesti
1611 1835 1744 1889 viva
1793 1837 2014 1887 defossa
2025 1838 2092 1889 15

266 1928 373 1978 est.
446 1922 708 1978 Coloniae
745 1926 1007 1978 deductae
1044 1931 1172 1977 sunt
1204 1926 1501 1977 Posidonia
1549 1927 1606 1976 et
1641 1921 1799 1976 Cosa.
1869 1925 2019 1976 Kar-

268 2017 691 2079 thaginiensium
728 2015 923 2066 classis
956 2015 1161 2066 auxilio
1184 2015 1496 2066 Tarentinis
1517 2015 1693 2082 venit,
1728 2026 1832 2078 quo
1868 2017 2020 2066 facto

267 2107 339 2156 ab
378 2105 447 2154 iis
481 2104 673 2154 foedus
707 2103 971 2156 violatum
1019 2107 1121 2156 est.
1190 2105 1302 2156 Res
1348 2106 1637 2167 praeterea
1673 2105 1866 2154 contra
1901 2105 2018 2154 Lu-

185 2205 469 2260 ωεοειηοε,
509 2193 779 2244 Samnites
819 2198 876 2244 et
909 2195 1151 2246 Bruttios
1200 2193 1444 2246 feliciter
1492 2197 1680 2260 gestas
1724 2195 1782 2245 et
1816 2193 2017 2257 Pyrrhi

263 2283 419 2347 regis
456 2283 687 2333 mortem
725 2283 985 2336 continet.
2024 2282 2102 2330 2⁰·

949 2427 1185 2478 Liber
1234 2426 1356 2477 XV.

190 2557 270 2599 48³
380 2533 565 2584 Victis
600 2532 911 2584 Tarentinis
960 2545 1067 2596 pax
1111 2535 1169 2584 et
1216 2532 1446 2584 libertas
1496 2533 1624 2584 data
1670 2534 1770 2582 est.
1840 2531 2018 2594 Legio

268 2619 574 2690 Campana,
640 2635 779 2686 quae
826 2623 1092 2688 Rhegium
1135 2623 1533 2686 occupaverat,
1595 2620 1820 2671 obsessa
1864 2618 2020 2668 dedi-

268 2713 425 2762 tione
462 2711 613 2762 facta
652 2713 833 2762 securi
870 2723 1132 2772 percussa
1176 2714 1276 2762 est.
1347 2708 1488 2760 Cum
1529 2709 1746 2772 legatos
1781 2705 2019 2769 Apollo-

266 2801 498 2853 niatium
532 2801 602 2851 ad
637 2800 885 2850 senatum
922 2800 1121 2853 missos
1168 2801 1384 2864 quidam
1417 2801 1644 2850 iuvenes
1682 2796 2011 2860 pulsassent,
2023 2805 2091 2854 25

270 2887 443 2939 dediti
487 2891 615 2939 sunt
649 2887 1109 2952 Apolloniatibus.
1180 2889 1495 2940 Picentibus
1539 2887 1706 2937 victis
1742 2897 1852 2948 pax
1885 2883 2017 2936 data

191 2981 378 3039 maest.
448 2974 715 3028 Coloniae
750 2977 1019 3028 deductae
1043 2978 1350 3028 Ariminum
1386 2977 1446 3026 in
1475 2977 1694 3040 Piceno,
1729 2977 2017 3024 Beneven-

188 3071 389 3128 435tum
439 3069 497 3118 in
546 3067 790 3118 Samnio.
862 3067 1014 3116 {runc
1061 3069 1292 3130 primum
1341 3063 1571 3128 populus
1608 3064 1885 3114 Romanus
1922 3073 2018 3114 ai·b

188 3159 437 3222 mgento
475 3159 557 3206 uti
594 3156 788 3218 coepit.
868 3155 1055 3206 Umbri
1090 3157 1146 3205 et
1180 3154 1475 3207 Sallentini
1508 3153 1646 3202 victi
1687 3154 1746 3202 in
1784 3151 2018 3201 demtio-

221 3281 225 3284 -
271 3257 404 3298 nem
439 3247 656 3309 accepti
685 3246 827 3297 sunt.
899 3240 1263 3312 Quaesierunt
1295 3235 1554 3296 numerus
1585 3241 1876 3307 ampliatus
1909 3238 2094 3304 esaan

268 3337 333 3386 ut
370 3336 557 3388 essent
598 3337 743 3387 octo.

1611 3463 1686 3515 1⁶
