2525 3925
628 344 732 400 164
1172 340 1229 392 C.
1269 344 1570 395 SALUS'H
1609 343 1837 395 cmsm

628 490 1023 550 circumspicit:
1076 491 1203 551 quin
1240 493 1463 551 praeter
1495 490 1746 540 idoneum
1783 489 1973 539 ducem
2023 488 2164 539 nihil
2215 492 2364 541 abest

626 577 696 629 ad
732 578 1157 629 subvortundum
1204 578 1509 639 imperium.
1581 574 1739 641 Quod
1785 589 1888 641 ego
1927 590 2028 626 vos
2067 589 2167 627 oro
2206 581 2364 639 atque

626 669 873 731 obsecro,
908 669 1093 727 patres
1130 667 1443 727 conscripti,
1479 669 1539 713 ut
1573 666 2042 730 animadvortatis,
2077 677 2149 714 ne
2189 668 2364 727 patia-

625 755 756 802 mini
793 752 1068 803 licentiam
1104 752 1375 803 scelerum
1401 754 1559 814 quasi
1595 754 1800 803 rabiem
1833 752 1900 801 ad
1943 754 2198 815 integros
2235 764 2362 803 con·

584 840 779 891 5tactu
828 840 1146 901 procedere.
1217 840 1384 906 Nam,
1438 843 1528 891 ubi
1576 840 1750 891 malos
1800 841 2044 902 praemia
2093 843 2366 904 secuntur,

624 927 755 978 haut
789 928 955 979 facile
991 930 1278 990 quisquam
1317 931 1558 991 gratuito
1586 930 1756 978 bonus
1779 936 1882 977 est.
1951 930 2038 977 An
2075 932 2366 989 exspecta-

626 1018 724 1076 tis,
778 1016 901 1065 dum
937 1017 1187 1065 exercitu
1224 1028 1414 1065 rursus
1453 1019 1698 1078 admoto,
1750 1016 1900 1066 ferro
1945 1018 2114 1077 atque
2159 1017 2366 1065 namma

625 1103 807 1151 urbem
845 1096 1115 1152 invadat?
1178 1101 1335 1167 Quod
1381 1104 1550 1153 multo
1599 1105 1820 1165 propius
1861 1107 1946 1153 est
1990 1103 2058 1153 ab
2109 1116 2218 1168 eo,
2267 1116 2361 1165 quo

622 1192 815 1253 agitat,
852 1194 1016 1256 statu,
1048 1203 1205 1252 quam
1240 1202 1312 1239 ex
1349 1203 1482 1252 pace
1519 1195 1576 1241 et
1613 1192 1904 1241 concordia
1939 1192 2008 1240 ad
2038 1198 2204 1241 'arma
2233 1193 2362 1240 civi-

552 1276 742 1340 101ia3
782 1291 921 1339 quae
960 1279 1055 1328 ille
1092 1278 1392 1330 advorsum
1430 1278 1616 1327 divina
1649 1282 1706 1328 et
1742 1279 1975 1328 bumana
2004 1280 2192 1327 omnia
2227 1281 2364 1340 cepit

620 1376 728 1414 non
764 1378 865 1426 pro
900 1378 1003 1415 sua
1032 1370 1129 1415 aut
1166 1378 1392 1427 quorum
1427 1366 1647 1415 simulat
1681 1366 1900 1429 iniuria,
1947 1367 2044 1415 sed
2079 1365 2274 1429 legum
2305 1378 2362 1415 ac

618 1452 891 1501 libertatis
922 1454 1346 1513 subvortundae.
1401 1454 1600 1515 Agitur
1625 1454 1766 1501 enim
1798 1465 1865 1501 ac
1896 1451 2182 1503 laceratur
2209 1456 2364 1503 animi

620 1538 873 1601 cupidine
901 1542 957 1588 et
988 1551 1248 1591 noxarum
1277 1542 1440 1605 metu,
1475 1551 1670 1603 expers
1703 1541 1926 1602 consili,
1961 1542 2198 1603 inquies,
2237 1542 2360 1590 haec

620 1629 782 1686 atque
823 1625 923 1677 illa
968 1631 1270 1689 temptans3
1318 1629 1512 1677 metuit
1547 1629 1744 1690 otium,
1796 1627 1912 1677 odit
1949 1627 2188 1690 bellum3
2241 1628 2360 1677 luxu

547 1714 785 1775 15atque
832 1716 1059 1767 licentia
1104 1716 1394 1767 carendum
1433 1716 1612 1781 videt,
1662 1720 1830 1776 atque
1871 1715 2090 1763 interim
2127 1717 2360 1765 abutitur

622 1806 813 1854 vestra
851 1806 1120 1855 socordia.
1191 1807 1379 1865 Neque
1423 1804 1552 1852 mibi
1587 1804 1726 1852 satis
1759 1801 1958 1851 consili
1993 1805 2108 1864 est,
2152 1807 2362 1865 metum,

620 1903 688 1941 an
736 1894 1041 1957 ignaviam,
1090 1906 1159 1944 an
1206 1893 1530 1943 dementiam
1567 1903 1686 1941 eam
1729 1888 2032 1952 appellem3
2079 1892 2176 1950 qni
2215 1889 2361 1938 vide-

619 1980 750 2028 mini
785 1983 937 2032 tanta
974 1982 1123 2032 mala
1161 1984 1318 2044 quasi
1352 1981 1556 2031 fulmen
1591 1983 1782 2043 optare
1817 1992 1880 2030 se
1915 1980 2152 2040 quisque
2185 1991 2261 2028 ne
2285 1983 2360 2029 at-

618 2068 817 2132 tingat,
858 2067 957 2116 sed
993 2072 1280 2130 prohibere
1313 2081 1384 2118 ne
1424 2070 1612 2119 conari
1649 2070 1876 2130 quidem.

543 2152 611 2200 20
725 2152 794 2201 Et
829 2165 1033 2214 quaeso
1070 2157 1428 2219 considerate,
1467 2167 1626 2217 quam
1661 2167 1932 2206 convorsa
1957 2167 2142 2206 rerum
2169 2159 2362 2207 natura

618 2240 705 2287 sit.
777 2240 959 2290 Antea
996 2241 1195 2291 malum
1229 2241 1510 2304 publicum
1543 2242 1781 2306 occulte,
1817 2242 2024 2293 auxilia
2058 2243 2246 2305 palam
2285 2247 2362 2292 in-

617 2327 995 2391 struebantur,
1042 2333 1100 2378 et
1148 2342 1215 2379 eo
1255 2331 1384 2380 boni
1435 2330 1606 2380 malos
1644 2329 1812 2381 facile
1847 2331 2168 2380 anteibant:
2227 2345 2364 2382 nnnc

617 2425 727 2472 pax
766 2418 823 2464 et
858 2418 1155 2468 concordia
1188 2417 1563 2468 disturbantur
1598 2418 1816 2479 palam,
1865 2417 2236 2468 defenduntur
2273 2432 2366 2470 oc-

620 2499 782 2551 culte.
854 2499 1061 2566 Quibus
1096 2505 1199 2556 illa
1233 2505 1473 2569 placent,
1507 2509 1561 2554 in
1599 2506 1770 2555 armis
1805 2507 1950 2570 sunt,
1984 2517 2090 2555 vos
2115 2507 2176 2554 in
2199 2512 2363 2558 metu.

541 2583 605 2634 25
619 2583 759 2651 Quid
786 2586 1161 2652 exspectatis?
1194 2595 1301 2643 nisi
1326 2593 1470 2642 forte
1495 2594 1659 2653 pudet
1683 2596 1780 2641 aut
1805 2594 1956 2652 piget
1979 2595 2136 2642 recte
2163 2595 2364 2644 facere.

616 2679 702 2725 An
753 2678 943 2740 Lepidi
991 2682 1246 2730 mandata
1294 2681 1503 2730 animos
1551 2672 1818 2731 movere?
1872 2681 1963 2740 qui
2009 2679 2243 2740 placere
2289 2685 2364 2732 ait

615 2775 717 2813 sua
754 2766 993 2827 quoique
1030 2767 1201 2832 reddi,
1239 2769 1296 2816 et
1332 2765 1515 2816 aliena
1549 2772 1700 2818 tenet
1713 2782 1732 2830 3
1775 2766 1912 2818 belli
1944 2767 2070 2817 iura
2103 2772 2368 2834 rescindi,

616 2861 775 2910 quom
828 2852 946 2912 ipse
996 2855 1161 2902 armis
1200 2857 1366 2914 cogat
1377 2867 1396 2916 3
1449 2856 1728 2904 civitatem
1767 2855 2116 2921 confirmari,
2167 2859 2366 2918 quibus

616 2934 921 2997 ademptam
956 2943 1157 3003 negat3
1209 2941 1534 2992 concordiae
1575 2942 1755 3003 gratia
1795 2941 1978 3003 plebei
2015 2943 2366 3000 tribuniciam

616 3077 1000 3096 ——t—

713 3165 751 3201 ³.
793 3163 861 3211 ne]
900 3167 949 3205 V.
989 3180 1063 3207 neu
1098 3169 1229 3210 vatic.
1270 3175 1363 3209 tert.
1407 3171 1455 3210 G.
1495 3191 1542 3200 ·-
1604 3174 1664 3212 18.
1707 3175 1874 3224 Agitur]
1913 3177 1960 3215 V.
2007 3175 2185 3224 Anyieur
2225 3177 2277 3216 G.
2315 3199 2366 3206 --

616 3229 675 3267 ie.
718 3229 851 3277 caneo]
889 3231 963 3270 Οι.
999 3235 1125 3272 semea
1154 3235 1270 3287 (sic)
1295 3237 1348 3277 V.
1387 3239 1536 3276 intenta
1563 3239 1612 3278 G.
1647 3261 1689 3272 —
1727 3244 1882 3292 (demea
1919 3247 2051 3283 ortum
2088 3254 2141 3282 ex
2176 3247 2366 3294 gemina—

614 3295 888 3344 praecedentis
915 3300 932 3335 n·
951 3299 977 3346 )

188 3600 560 3880 Δ
978 3581 1217 3884 4

1482 3576 1717 3679 ’ἢ

1463 3682 1776 3886 fl
