2525 3925
574 310 975 365 onA'noNEs
1016 314 1109 367 ΕΤ
1144 312 1559 366 ΕΡῙΒΤΟῙιΔΕ.
1837 314 1948 363 159·

188 459 371 510 simul
404 461 663 509 humanas
698 460 903 511 hostias
931 461 1147 511 vidistis
1172 464 1229 510 et
1260 459 1552 521 sepulchra
1579 460 1786 509 infecta
1807 471 1938 509 san·-

188 552 363 611 guine
410 548 582 597 civili.
662 548 833 599 Estne
880 550 1019 599 viris
1065 549 1263 611 reliqui
1311 548 1460 597 aliud
1508 560 1669 609 quam
1719 548 1938 599 solvere

189 637 450 685 iniuriam
485 640 581 685 aut
609 639 749 686 mori
781 650 882 699 per
917 630 1215 687 virtutem?
1256 638 1506 699 quoniam
1533 637 1746 697 quidem
1772 647 1937 685 unum

193 725 447 776 omnibus
486 722 647 773 finem
681 726 877 775 natura
921 726 1017 775 vel
1062 726 1215 775 ferro
1261 726 1466 787 saeptis
1504 724 1725 790 statuit,
1763 735 1938 785 neque

188 812 477 874 quisquam
500 816 795 862 extremam
820 814 1210 863 necessitatem
1242 813 1378 863 nihil
1409 825 1575 863 ausus
1599 813 1707 861 nisi
1738 807 1978 860 mulie-5

190 902 282 951 bri
316 901 537 963 iugenio
570 903 872 963 exspectat.
943 904 1147 952 Verum
1186 912 1292 963 ego
1329 900 1638 966 seditiosuS,
1677 900 1758 947 uti
1781 897 1940 949 Sulla

191 988 305 1053 ait,
358 989 449 1048 qui
490 990 731 1049 praemia
769 990 1045 1039 turbarum
1085 1000 1310 1051 queror,
1363 992 1421 1037 et
1459 987 1658 1036 bellum
1697 987 1940 1052 cupiens,

191 1076 289 1137 qui
324 1076 448 1124 iura
492 1077 645 1137 pacis
692 1080 899 1138 repeto.
970 1076 1229 1143 Scilicet,
1279 1076 1406 1137 quia
1445 1086 1554 1124 uon
1593 1074 1758 1125 aliter
1795 1070 1941 1123 salvi

189 1164 441 1224 sat-isque
486 1164 589 1211 tuti
636 1165 692 1212 in
742 1165 971 1226 imperio
1010 1165 1197 1226 erim,
1241 1164 1351 1212 nisi
1387 1165 1604 1213 Vettius
1642 1164 1836 1211 Picens
1883 1165 1940 1211 et

190 1236 379 1301 scriba
412 1248 695 1300 Cornelius
744 1252 926 1301 aliena
968 1254 1107 1303 bene
1156 1257 1352 1313 parata
1397 1253 1777 1314 prodegerint3
1825 1250 1934 1299 nisi
1950 1246 2015 1297 10

187 1340 555 1400 approbaritis
600 1350 791 1387 omues
829 1340 1276 1400 proscriptionem
1310 1340 1654 1389 innoxiorum
1689 1340 1756 1387 ob
1793 1337 1938 1387 divi-

191 1428 333 1490 tiaS,
370 1428 644 1476 cruciatus
679 1430 920 1476 virorum
950 1427 1290 1493 inlustrium,
1328 1430 1537 1477 vastam
1579 1428 1763 1477 urbem
1805 1426 1938 1489 fuga

192 1519 253 1563 et
288 1513 542 1564 caedibus
557 1548 573 1580 ,
620 1516 763 1565 bona
806 1516 1007 1565 civium
1051 1516 1377 1564 miserorum
1419 1516 1576 1576 quasi
1613 1512 1937 1564 Cimbricam

190 1600 453 1663 praedam
488 1613 687 1651 venum
722 1604 821 1651 aut
850 1604 990 1653 douo
1022 1602 1218 1653 datam.
1271 1602 1346 1651 At
1370 1604 1611 1653 obiectat
1645 1602 1774 1651 mihi
1809 1614 1940 1662 pos-

188 1689 467 1739 sessiones
511 1700 580 1738 ex
621 1690 775 1740 bonis
814 1692 1273 1753 proscriptorum3
1328 1690 1466 1751 quod
1505 1691 1721 1751 quidem
1755 1684 2012 1737 scole-15

187 1788 317 1825 rum
348 1776 501 1825 illius
536 1776 631 1825 vel
668 1789 981 1827 maxumum
1014 1780 1117 1844 est,
1150 1788 1259 1825 non
1290 1788 1376 1825 me
1409 1788 1585 1839 neque
1623 1786 1940 1838 quemquam

190 1864 431 1913 omnium
468 1864 604 1915 satis
635 1866 807 1915 tutum
844 1866 1045 1931 fuisse,
1091 1866 1140 1914 si
1174 1868 1330 1913 recte
1365 1865 1688 1915 faceremus.
1759 1864 1942 1924 Atque

190 1949 324 2016 illa,
374 1965 513 2014 quae
550 1954 663 2002 tum
697 1954 985 2004 formidine
1020 1955 1294 2002 mercatus
1330 1965 1476 2014 sum,
1528 1953 1704 2014 pretio
1739 1949 1942 2017 soluto,

191 2039 341 2102 iure,
392 2039 621 2090 dominis
668 2043 849 2091 tamen
899 2043 1131 2092 restituo
1175 2053 1350 2102 neque
1385 2042 1500 2102 pati
1537 2039 1822 2090 consilium
1855 2042 1941 2088 est

191 2126 363 2176 ullam
385 2140 455 2176 ex
482 2128 697 2178 civibus
732 2129 989 2190 praedam
1028 2142 1165 2178 esse.
1238 2129 1388 2178 Satis
1411 2128 1512 2178 illa
1534 2129 1758 2191 fuerint,
1795 2139 1934 2188 quae
1948 2128 2015 2179 20

188 2215 345 2264 rabie
382 2217 667 2264 contracta
694 2216 1070 2283 toleravimus,
1106 2228 1296 2266 manus
1321 2219 1664 2268 conserentis
1699 2217 1844 2265 inter
1877 2225 1938 2264 se

189 2303 465 2352 Romanos
490 2306 765 2354 exercitus
791 2309 849 2354 et
871 2318 1022 2354 arma
1046 2307 1113 2354 ab
1143 2307 1386 2355 externis
1421 2307 1478 2354 in
1511 2308 1720 2354 nosmet
1752 2314 1937 2350 versa.

190 2389 479 2439 Scelerum
516 2395 572 2438 et
607 2393 1052 2442 contumeliarum
1090 2395 1322 2442 omnium
1369 2393 1492 2440 finis
1538 2393 1625 2440 sit.
1697 2387 1938 2452 Quorum

192 2476 334 2526 adeo
370 2476 576 2526 Sullam
618 2489 725 2528 non
762 2483 1035 2545 poenitet,
1079 2483 1139 2530 ut
1170 2481 1225 2528 et
1260 2480 1410 2530 facta
1444 2481 1500 2527 in
1536 2479 1716 2540 gloria
1747 2487 1938 2526 nume-

189 2567 281 2614 ret
315 2565 387 2624 et,
422 2565 469 2614 si
503 2564 691 2631 liceat,
723 2569 937 2616 avidius
974 2568 1189 2616 fecerit.
1947 2563 2012 2614 25

301 2653 493 2712 Neque
528 2652 641 2700 iam
690 2655 813 2713 quid
857 2654 1201 2704 existumetis
1242 2654 1310 2702 de
1355 2652 1484 2714 illo,
1535 2653 1628 2702 sed
1679 2652 1938 2712 quantum

192 2737 442 2788 audeatis
477 2750 709 2802 vetem-3
762 2751 830 2788 ne
868 2741 1011 2790 alius
1044 2740 1216 2789 alium
1262 2741 1569 2802 principem
1613 2739 1940 2806 exspectau-

194 2831 281 2876 tes
326 2829 455 2874 ante
504 2827 817 2888 capiamini,
869 2838 979 2875 non
1028 2828 1219 2888 opibus
1271 2828 1419 2890 eiuS,
1467 2838 1604 2887 quae
1653 2824 1842 2872 futiles
1883 2827 1938 2872 et

194 2914 486 2973 corruptae
521 2915 664 2974 sunt,
700 2913 795 2960 sed
831 2917 1020 2962 vestra
1059 2913 1331 2978 socordia,
1357 2909 1402 2978 -ι-
1430 2925 1592 2974 quam
1629 2914 1842 2972 raptum
1867 2912 1938 2962 iri

295 3076 357 3116 1⁰.
383 3081 507 3124 parea
532 3075 666 3114 vatic.
696 3085 781 3114 sec.
810 3097 857 3108 —
890 3075 957 3115 20.
983 3075 1166 3126 fuerint]
1192 3076 1243 3114 V.
1279 3074 1446 3126 fua-une
1471 3077 1519 3115 G.
1544 3095 1594 3106 —-
1629 3077 1695 3115 29.
1723 3089 1842 3128 qnam
1866 3089 1936 3116 m-

192 3149 307 3190 ptum
338 3145 396 3182 in·
418 3144 514 3182 licet
538 3149 576 3181 ee
601 3154 719 3193 quam
745 3143 895 3188 audeas
922 3143 1053 3191 (nont
1090 3142 1265 3191 audeat)
1293 3149 1374 3180 cun
1399 3143 1529 3192 (nont
1555 3143 1664 3191 ean)
1691 3144 1820 3183 adera·
1839 3143 1938 3194 feli-

192 3209 308 3260 een]
344 3210 395 3249 V.
435 3209 583 3247 audeat
616 3215 699 3248 eam
726 3211 776 3250 G.
816 3211 959 3249 audias
995 3212 1089 3250 Vnt.
1132 3222 1217 3254 sec.
1258 3211 1397 3250 Locus
1437 3217 1667 3263 corruptus,
1719 3213 1939 3250 Fortun:

196 3289 317 3328 quam
340 3282 501 3326 raptum
524 3279 585 3316 ὅτε
614 3276 709 3316 licet
734 3279 787 3324 ei,
822 3291 936 3328 quen
960 3278 1103 3318 andiu
1122 3283 1205 3316 tua
1232 3279 1362 3318 viden·
1388 3276 1565 3328 felice..
