2525 3925
587 320 691 370 142
1126 316 1184 371 C.
1220 318 1521 371 SALUS'H
1557 314 1784 369 clusm

588 469 924 517 conmeatum
974 467 1027 513 in
1096 467 1310 527 oppidis
1383 466 1686 517 maritumis
1757 475 1924 528 agere
1981 465 2348 514 decreverat.

586 555 775 617 Neque
813 557 993 604 tamen
1032 556 1270 603 victoria
1307 564 1498 603 socors
1543 555 1636 603 aut
1677 552 1922 602 insolens
1967 552 2184 617 factus,
2237 553 2344 601 sed

585 647 792 705 pariter
834 647 999 704 atque
1046 644 1103 692 in
1153 646 1452 703 conspectu
1503 641 1740 691 hostium
1789 642 2056 703 quadrato
2103 642 2344 702 agmine

584 731 873 794 incedere3
908 730 1067 780 Sulla
1100 742 1221 780 cum
1256 730 1499 791 equitatu
1523 728 1664 791 apud
1691 728 1986 794 dextumos,
2019 728 2076 778 in
2099 728 2346 778 sinistra

544 824 745 882 sparte
781 820 849 869 A.
885 818 1122 868 Manlius
1160 830 1282 869 cum
1315 815 1678 867 funditoribus
1715 816 2130 882 eisagittariis,
2161 826 2345 877 prae-

582 910 737 958 terea
791 907 1027 957 cohortis
1075 907 1334 968 Ligurum
1389 905 1616 955 curabat
1625 920 1644 969 3
1697 907 1897 967 primos
1945 908 2002 954 et
2055 907 2340 954 extremos

584 1008 705 1045 cum
744 995 1013 1056 expeditis
1048 994 1341 1055 manipulis
1379 994 1624 1043 tribunos
1658 993 1966 1043 locaverat.
2036 993 2340 1056 Pei-fugae,

581 1085 819 1132 minume
867 1083 986 1131 cari
1038 1085 1097 1130 et
1150 1084 1433 1144 regionum
1486 1082 1882 1147 scientissumi‚
1931 1081 2165 1130 hostium
2223 1082 2342 1129 iter

583 1170 953 1231 explorabant.
1004 1170 1176 1219 Simul
1212 1170 1422 1233 consul,
1461 1170 1614 1231 quasi
1655 1168 1808 1219 nullo
1841 1170 2110 1234 inposito,
2145 1170 2340 1217 omnia

510 1266 575 1317 10
590 1258 905 1324 providere,
958 1257 1099 1319 apud
1153 1258 1327 1307 omnis
1376 1259 1599 1321 adesse,
1655 1256 1887 1307 laudare
1935 1259 1993 1305 et
2037 1256 2339 1318 increpare

582 1348 854 1396 merentis.
926 1346 1053 1407 lpse
1092 1349 1334 1395 armatus
1373 1346 1753 1409 intentusque,
1807 1346 1944 1394 item
1979 1344 2184 1395 milites
2229 1357 2334 1395 co-

581 1435 775 1497 gebat3
828 1444 1007 1496 neque
1037 1446 1224 1494 secus,
1273 1435 1440 1496 atque
1473 1436 1581 1483 iter
1613 1435 1826 1494 facere,
1873 1436 2058 1482 castra
2091 1433 2334 1492 munire,

581 1520 886 1571 excubitum
922 1523 977 1570 in
1019 1526 1177 1583 porta
1214 1522 1457 1572 cohortis
1493 1532 1564 1571 ex
1597 1521 1936 1585 legionibus,
1991 1532 2092 1581 pro
2129 1523 2336 1571 castris

580 1609 795 1671 equites
830 1609 1149 1659 auxiliarios
1184 1610 1420 1673 mittere,
1457 1611 1744 1671 praeterea
1765 1609 1906 1659 alios
1929 1620 2097 1670 super
2119 1608 2336 1659 vallum

510 1699 639 1755 15in
678 1697 1021 1747 munimentis
1056 1698 1276 1763 locare,
1311 1697 1534 1761 vigilias
1569 1698 1686 1759 ipse
1721 1698 2037 1759 circumire,
2073 1706 2182 1746 non
2221 1700 2334 1747 tam

580 1785 881 1836 diffidentia
912 1786 1175 1851 futurum,
1212 1798 1354 1849 quae
1389 1786 1791 1851 imperavisset,
1824 1797 1984 1847 quam
2023 1786 2103 1834 uti
2137 1784 2334 1834 militi-

580 1877 683 1926 bus
718 1877 1052 1936 exaequatus
1089 1886 1211 1923 cum
1245 1876 1575 1935 imperatore
1615 1874 1768 1923 labos
1813 1873 2128 1925 volentibus
2163 1876 2331 1921 esset.

579 1960 649 2011 Et
686 1975 821 2013 sane
848 1965 1059 2012 Marius
1106 1963 1319 2025 ilioque
1357 1963 1588 2024 aliisque
1636 1964 1970 2024 temporibus
2019 1960 2332 2025 Iugurthini

579 2049 715 2099 belli
762 2051 970 2110 pudore
1017 2052 1191 2112 magis
1236 2061 1402 2111 quam
1449 2051 1598 2100 malo
1651 2051 1952 2101 exercitum
2003 2047 2333 2112 cofireebat3

504 2135 572 2187 20
584 2137 720 2198 quod
759 2136 913 2185 multi
946 2149 1047 2198 per
1091 2138 1438 2186 ambitionem
1479 2137 1599 2188 fieri
1648 2139 1892 2204 aiebant,
1944 2149 2074 2199 pars
2112 2137 2268 2199 quod
2303 2149 2338 2187 a

578 2224 817 2284 pueritia
852 2227 1167 2274 consuetum
1193 2225 1446 2274 duritiam
1472 2227 1528 2274 et
1552 2225 1682 2289 alia,
1717 2237 1855 2287 quae
1879 2225 2051 2275 ceteri
2076 2225 2336 2276 miserias

579 2314 799 2374 vocant,
840 2310 1115 2373 voluptati
1139 2311 1449 2376 habuisset3
1485 2305 1591 2361 nisi
1627 2314 1807 2362 tamen
1843 2325 1932 2363 res
1969 2313 2192 2374 publica
2229 2325 2335 2376 pa-

580 2401 721 2449 riter
752 2411 821 2449 ac
854 2400 1196 2450 saevissumo
1230 2403 1464 2461 imperio
1499 2403 1638 2451 bene
1673 2403 1838 2462 atque
1875 2402 2074 2450 decore
2106 2403 2293 2462 gesta.

694 2485 812 2536 101.
864 2489 1041 2551 Igitur
1072 2492 1268 2551 quarto
1293 2488 1528 2551 denique
1549 2489 1636 2537 die
1659 2481 1800 2536 haud
1833 2488 2000 2550 longe
2033 2488 2102 2538 ab
2128 2489 2334 2550 oppido

503 2569 569 2621 25
585 2572 735 2626 Cirta
776 2577 1011 2638 undique
1061 2576 1221 2625 simul
1266 2576 1644 2638 speculatores
1697 2576 1794 2624 citi
1841 2587 1964 2626 sese
2017 2575 2334 2641 ostendunt,

579 2673 685 2725 qua
736 2675 799 2714 re
849 2665 1021 2714 bostis
1073 2665 1266 2714 adesse
1317 2663 1677 2727 intellegitur.
1765 2663 1874 2712 Sed
1933 2665 2058 2724 quia
2117 2661 2330 2714 divorsi

580 2751 872 2802 redeuntes
906 2750 1050 2800 alius
1086 2752 1153 2800 ab
1190 2750 1305 2800 alia
1340 2753 1498 2811 parte
1531 2754 1696 2812 atque
1731 2761 1924 2799 omnes
1961 2752 2108 2798 idem
2147 2752 2328 2814 signi·-

579 2837 830 2902 iicabant‚
862 2838 1055 2888 consul
1078 2839 1338 2901 incertus,
1369 2849 1606 2901 quonam
1628 2838 1784 2887 modo
1805 2839 1984 2888 aciem
2007 2838 2328 2902 instrueret,

580 2923 732 2974 nullo
768 2927 957 2977 ordine
994 2928 1337 2992 conmutato,
1372 2927 1666 2977 advorsum
1699 2926 1882 2976 omnia
1921 2928 2180 2992 paratus,
2219 2927 2327 2979 ibi-

676 3152 714 3190 ⁸.
744 3163 795 3190 oc
818 3156 856 3192 u·
878 3157 921 3193 ἐκ
949 3157 1000 3196 V.
1030 3177 1077 3186 —-
1102 3157 1141 3197 7.
1170 3157 1372 3197 beonnae
1395 3157 1568 3198 mennon
1593 3159 1643 3198 V.
1671 3181 1717 3191 -
1745 3159 1808 3199 io.
1837 3171 1916 3199 om.
1948 3165 1985 3198 ee
2007 3159 2062 3198 K.
2089 3180 2135 3189 -
2165 3160 2227 3199 11.
2259 3162 2320 3198 in·

579 3223 783 3270 lentaeque
806 3226 893 3259 erae
918 3224 965 3262 V.
991 3245 1039 3253 —
1078 3226 1137 3265 Π.
1161 3223 1320 3274 faceret
1344 3225 1391 3264 V.
1416 3247 1464 3255 —
1505 3227 1564 3266 1⁶.
1593 3226 1793 3278 fiamus]
1821 3240 1844 3267 e
1869 3227 1994 3268 codd.
2021 3227 2072 3268 K.
2096 3225 2320 3278 futuroru·

582 3286 631 3324 V.
656 3284 787 3336 futuri
812 3289 862 3329 G.
896 3311 938 3322 -
992 3289 1051 3330 17.
1077 3291 1189 3332 tabor
1212 3293 1265 3336 V.
1297 3313 1341 3325 -
1392 3293 1458 3336 w.
1482 3305 1582 3344 pan
1606 3307 1688 3336 om.
1717 3295 1770 3339 V.

26 3553 461 3868 Δ
713 3500 1495 3874 ›ss
