2525 3925
808 313 1222 368 EPISTOLAE.
1791 317 1898 370 189

262 461 405 514 Nam
439 462 659 513 domum
690 463 788 512 aut
822 462 1013 514 villam
1045 464 1358 528 exstruere,
1399 472 1523 512 eam
1554 461 1758 528 siguis,
1799 475 1900 514 au-

152 549 313 616 lueis,
348 551 617 614 aiieisque
641 551 896 614 operibus
931 562 1201 602 exornare
1238 554 1297 600 et
1328 552 1508 600 omnia
1541 553 1722 612 potius
1744 563 1902 613 quam

151 643 339 690 semet
362 640 649 690 visundum
674 639 930 704 efficere,
969 639 1023 688 id
1059 642 1145 688 est
1176 650 1287 687 non
1323 639 1545 688 divitias
1581 637 1768 688 decori
1801 639 1902 688 ha—

154 724 319 792 bere,
372 726 471 777 sed
516 727 699 788 ipsum
748 726 863 776 illis
908 725 1115 788 flagitio
1166 738 1308 774 esse.
1377 727 1546 776 Porro
1583 727 1665 792 ei,
1713 727 1902 788 quibus

152 813 243 864 bis
282 815 371 864 die
419 817 671 865 ventrem
717 825 979 878 onerare,
1035 813 1241 862 nullam
1287 819 1503 864 noctem
1548 815 1669 863 sine
1714 816 1942 866 scot-105
2015 876 2020 881 ¹

154 903 449 964 quiescere
486 914 602 951 mos
636 905 753 964 est,
810 902 900 951 ubi
938 902 1201 966 animum,
1245 913 1401 963 quem
1437 901 1703 951 dominari
1736 903 1904 952 dece-

152 989 280 1053 bat,
316 989 548 1039 servitio
584 1000 940 1055 oppressere,
991 990 1353 1051 nequeiquam
1393 1002 1461 1039 eo
1497 993 1690 1052 postea
1723 989 1905 1039 hebeti

152 1078 329 1139 atque
368 1076 567 1128 claudo
602 1089 701 1139 pro
734 1078 984 1127 exercito
1020 1077 1097 1124 uti
1133 1076 1344 1126 volunt.
1424 1076 1562 1126 Nam
1610 1076 1906 1138 inpruden-

154 1165 241 1214 tia
276 1163 542 1226 pleraque
578 1168 634 1214 et
666 1177 727 1214 se
766 1164 1109 1226 praecipitat.
1191 1165 1393 1216 Verum
1443 1165 1578 1214 haec
1619 1169 1674 1213 et
1721 1165 1905 1214 omnia

152 1249 312 1302 mala
344 1252 552 1312 pariter
589 1263 713 1300 cum
757 1251 962 1301 honore
1005 1251 1274 1312 pecuniae
1315 1253 1590 1318 desinent,
1639 1252 1687 1300 si
1721 1264 1898 1315 neque
1914 1255 1980 1305 10

150 1339 515 1402 magistratus
562 1350 741 1400 neque
788 1338 901 1388 alia
945 1339 1113 1401 volgo
1162 1337 1436 1400 cupiunda
1471 1339 1694 1388 venalia.
1725 1346 1902 1390 erunt.

151 1426 243 1475 Ad
279 1425 385 1475 hoc
420 1426 814 1486 providendum
840 1428 924 1476 est
950 1427 1065 1490 tibi,
1104 1438 1343 1489 quonam
1371 1426 1528 1478 modo
1553 1427 1716 1478 Italia
1743 1429 1904 1490 atque

152 1513 481 1576 provinciae
518 1515 749 1565 tutiores
788 1516 929 1564 sint:
982 1514 1037 1564 id
1084 1514 1224 1578 quod
1264 1516 1420 1565 factu
1451 1516 1583 1565 haut
1617 1517 1904 1566 obscurum

149 1604 255 1650 est.
326 1600 467 1650 Num
508 1602 649 1652 idem
692 1605 879 1652 omnia
912 1605 1161 1665 vastant,
1212 1615 1342 1652 suas
1379 1604 1681 1653 deserundo
1718 1602 1904 1652 domos

154 1691 218 1740 et
256 1700 359 1750 per
390 1690 644 1740 iniuriam
677 1690 889 1740 alienas
924 1691 1256 1752 occupando.
1327 1691 1461 1739 Item
1484 1701 1572 1754 ne,
1609 1691 1690 1738 uti
1712 1689 1979 1754 adhuc,15

149 1775 357 1827 militia
402 1779 608 1828 iniusta
660 1782 757 1828 aut
805 1777 1113 1840 inaequalis
1155 1779 1257 1838 sit,
1313 1789 1473 1838 quom
1523 1777 1619 1826 alii
1663 1777 1908 1842 triginta,

155 1876 293 1928 pars
314 1865 524 1916 nullum
548 1865 877 1927 stipendium
899 1865 1121 1914 facient.
1192 1866 1263 1914 Et
1287 1867 1618 1914 frumentum
1641 1865 1696 1914 id
1713 1897 1730 1929 ,
1765 1863 1906 1926 quod

160 1956 331 2003 antea
380 1957 685 2016 praemium
719 1955 979 2018 ignaviae
1012 1953 1147 2019 fuit,
1196 1953 1626 2015 pei-municipia
1661 1956 1717 2002 et
1754 1951 1907 2002 colo-

152 2042 283 2091 nias
314 2041 431 2091 illis
469 2045 601 2094 dare
636 2042 953 2106 conveniet,
992 2043 1087 2105 qui
1117 2042 1404 2102 stipendiis
1437 2042 1678 2091 emeritis
1715 2040 1906 2091 domos

149 2130 505 2180 reverterint.
1914 2136 1982 2188 20

262 2214 419 2279 Quae
461 2219 544 2267 rei
592 2218 845 2280 publicae
892 2218 1213 2271 necessaria
1265 2220 1468 2282 tibique
1512 2217 1760 2281 gloriosa
1810 2228 1905 2266 ra-

151 2310 249 2354 tus
302 2317 420 2353 sum
441 2338 459 2369 ,
518 2318 673 2369 quam
721 2308 1076 2368 paucissumis
1122 2307 1356 2359 absolvi.
1439 2308 1563 2357 Non
1607 2308 1763 2367 peius
1816 2304 1905 2352 vi-

154 2392 321 2440 detur
369 2402 549 2451 pauca
600 2405 745 2443 nunc
795 2394 861 2443 de
918 2394 1067 2443 facto
1120 2405 1241 2443 meo
1289 2396 1575 2443 disserere.
1651 2392 1908 2453 Plerique

157 2476 425 2528 mortales
470 2479 536 2527 ad
584 2478 935 2529 iudicandum
970 2482 1105 2531 satis
1139 2482 1328 2543 ingeni
1370 2480 1571 2529 habent
1607 2482 1704 2528 aut
1735 2480 1906 2529 simu—

150 2566 307 2615 lantz
358 2576 552 2613 verum
598 2568 739 2615 enim
784 2567 853 2615 ad
898 2568 1350 2628 reprehendunda
1394 2566 1578 2617 aliena
1615 2567 1766 2617 facta
1801 2568 1981 2625 au125

159 2652 311 2703 dicta
364 2651 521 2703 ardet
578 2655 823 2705 omnibus
876 2656 1119 2718 animus3
1186 2656 1280 2705 vix
1341 2656 1476 2706 satis
1539 2658 1787 2715 apertum
1843 2665 1907 2704 os

154 2742 253 2791 aut
302 2740 495 2803 lingua
555 2745 807 2803 prompta
858 2742 1108 2809 videtur,
1170 2755 1312 2806 quae
1361 2744 1630 2793 meditata
1683 2744 1908 2803 pectore

161 2826 419 2878 evolvat:
478 2830 669 2891 quibus
720 2842 809 2879 me
856 2832 1161 2881 subiectum
1216 2832 1358 2883 haud
1408 2832 1682 2892 poenitet,
1733 2830 1908 2893 magis

164 2916 451 2967 reticuisse
484 2918 717 2981 pigeret.
787 2918 927 2969 Nam
961 2920 1081 2969 sive
1128 2919 1230 2969 hac
1266 2931 1366 2969 seu
1401 2917 1628 2967 meliore
1665 2916 1779 2967 alia
1817 2918 1910 2967 via

166 3044 209 3079 ’
259 3091 294 3131 1.
324 3089 432 3141 eam]
462 3092 512 3134 V.
552 3104 716 3143 eamque
744 3094 796 3133 G.
826 3114 875 3123 -
923 3092 963 3133 8.
993 3092 1211 3144 aliaeque]
1237 3093 1286 3132 V.
1325 3093 1495 3143 aliisque
1521 3093 1570 3132 G.
1599 3112 1648 3120 —
1697 3093 1734 3131 4.
1762 3092 1820 3144 ei]
1849 3094 1905 3131 eie

157 3158 207 3196 V.
248 3159 280 3196 εἰ·
304 3158 355 3197 fl.
401 3179 448 3190 —
496 3158 537 3198 7.
574 3161 849 3213 nequiquam]
875 3162 925 3199 V.
966 3162 1227 3211 nequidquam
1260 3161 1462 3201 Bur-nous.
1503 3170 1744 3211 nequaquam
1779 3161 1829 3200 G.
1858 3180 1907 3189 —-

155 3228 197 3265 9.
233 3224 501 3275 praecipitat]
527 3227 579 3266 V.
610 3230 883 3277 praecipitant
908 3230 959 3269 Θ.
1002 3252 1047 3261 -
1100 3229 1160 3269 15.
1189 3228 1272 3281 un]
1297 3230 1348 3269 V.
1391 3234 1434 3269 ut
1459 3229 1510 3269 G,
1543 3250 1590 3261 --
1639 3227 1702 3267 1⁷.
1727 3225 1906 3275 facient]

159 3294 205 3331 V.
241 3289 367 3339 faciet
392 3295 440 3333 G.
472 3314 516 3323 -
564 3296 628 3335 Μ.
658 3296 812 3345 molon·
836 3297 889 3337 V.
920 3320 964 3329 —
1014 3297 1075 3337 27.
1112 3297 1359 3349 quamediea
1386 3301 1551 3348 pectore
1574 3296 1707 3335 enolae
1732 3295 1780 3334 V.

2013 3366 2260 3450 Γ*
