2525 3925
625 364 701 414 50
1168 358 1228 412 C.
1268 362 1568 415 SALUS'H
1602 357 1831 413 CRISPI

626 510 858 565 deducit.
929 510 1096 575 Dein,
1149 512 1374 560 remotis
1426 513 1659 559 omnium
1714 510 1894 572 equis,
1946 520 2051 572 quo
2104 510 2383 561 militibus

624 602 928 663 exaequato
975 598 1220 661 periculo
1265 600 1476 649 animus
1524 596 1755 659 amplior
1806 598 1983 665 esset,
2030 598 2149 660 ipse
2205 602 2384 661 pedes

625 691 925 741 exercit-um
977 701 1075 749 pro
1125 688 1252 738 loco
1309 690 1469 750 atque
1514 690 1686 749 copiis
1742 688 1978 737 instruit.
2062 688 2201 737 Nam
2222 724 2241 751 ‚
2300 690 2383 739 uti

624 779 880 843 planities
915 780 1036 845 erat
1071 778 1216 827 inter
1242 778 1492 826 sinistros
1524 778 1725 825 montis
1762 779 1819 825 et
1850 778 1917 826 ab
1956 777 2187 825 dextera
2218 778 2383 839 rupis

584 867 855 931 5aspera,
911 870 1038 917 octo
1077 868 1316 916 cohortis
1350 868 1409 915 in
1448 866 1627 915 fronte
1677 865 1987 929 constituit,
2040 863 2379 926 reliquarum

624 958 784 1020 signa
819 956 875 1005 in
912 955 1151 1005 subsidio
1193 957 1365 1004 artius
1407 953 1673 1009 conlocat.
1744 955 1827 1003 Ab
1876 954 1961 1001 his
2006 957 2379 1019 centuriones,

627 1046 802 1095 omnis
840 1044 1016 1093 lectos
1053 1047 1110 1092 et
1145 1046 1438 1107 evocatOS,
1492 1044 1783 1103 praeterea
1814 1053 1883 1090 ex
1914 1044 2192 1105 gregariis
2224 1043 2381 1092 mili-

625 1132 768 1181 tibus
804 1134 1074 1193 optumum
1107 1143 1369 1193 quemque
1405 1134 1667 1180 armatum
1700 1132 1759 1179 in
1786 1133 2010 1191 primam
2040 1118 2212 1181 aciem
2238 1134 2381 1182 sub-

625 1220 791 1269 ducit.
863 1220 929 1269 G.
965 1217 1227 1268 Manlium
1278 1219 1335 1266 in
1382 1217 1639 1284 dextera,
1692 1216 2056 1267 Faesulanum
2106 1220 2380 1279 quendam

551 1306 685 1359 10in
736 1308 959 1357 sinistra
1011 1309 1164 1370 parte
1215 1290 1417 1357 curare
1466 1308 1645 1369 iubet3
1670 1308 1817 1368 ‘ipse
1877 1318 1998 1356 cum
2046 1304 2265 1357 libertis
2320 1310 2380 1358 et

627 1396 835 1447 colonis
871 1398 1093 1459 propter
1133 1394 1367 1457 aquilam
1414 1396 1657 1459 adsistit,
1710 1406 1868 1457 quam
1916 1394 2064 1445 bello
2096 1392 2377 1447 Cimbrico

627 1485 921 1536 (nl-Marius
959 1486 1016 1533 in
1055 1486 1299 1535 exercitu
1336 1485 1589 1533 habuisse
1624 1483 1921 1534 dicebatur.
1978 1484 2053 1533 At
2087 1496 2158 1533 ex
2192 1484 2377 1535 altera

623 1577 781 1636 parte
818 1574 884 1623 G.
920 1574 1220 1635 Antonius,
1255 1572 1481 1635 pedibus
1516 1584 1714 1639 aeger,
1762 1571 1900 1633 quod
1936 1572 2145 1633 proelio
2176 1574 2376 1625 adesse

623 1662 910 1727 nequibat,
963 1665 1036 1713 M.
1072 1662 1289 1712 Petreio
1326 1662 1513 1725 legato
1564 1662 1863 1711 exercitum
1912 1662 2192 1722 permittit.
2265 1664 2376 1713 lue

553 1750 614 1801 15
631 1753 872 1802 cohortis
910 1757 1232 1818 veteranas,
1286 1762 1419 1812 quas
1470 1749 1685 1799 tumulti
1733 1761 1898 1799 causa
1948 1751 2377 1819 conscripserat,

624 1842 683 1891 in
708 1843 908 1903 fronte,
944 1844 1066 1903 post
1100 1853 1196 1890 eas
1233 1845 1471 1890 ceterum
1500 1840 1799 1889 exercitum
1836 1839 1894 1887 in
1926 1838 2180 1889 subsidiis
2202 1838 2373 1891 locat.

623 1932 751 1992 Ipse
799 1941 935 1992 equo
996 1930 1352 1992 circumiens,
1407 1940 1569 1978 unum
1621 1939 1881 1990 quemque
1934 1927 2219 1978 nominans
2272 1930 2374 1979 ad-

623 2017 828 2084 pellat,
875 2019 1152 2084 hortatur,
1200 2022 1391 2083 rogat,
1444 2021 1503 2066 ut
1536 2017 1911 2083 meminerint,
1949 2029 2011 2066 se
2048 2021 2239 2068 contra
2282 2018 2373 2069 la-

625 2109 816 2154 trones
850 2107 1103 2170 inermis,
1137 2119 1236 2166 pro
1274 2107 1481 2172 patria,
1518 2117 1617 2167 pro
1654 2105 1875 2168 liberis,
1924 2118 2023 2167 pro
2058 2108 2171 2156 aris
2206 2109 2374 2170 atque

547 2190 617 2242 20
629 2194 768 2244 focis
803 2195 918 2242 suis
954 2195 1180 2244 certare.
1240 2195 1413 2244 Homo
1448 2194 1719 2258 militaris,
1752 2193 1895 2256 quod
1929 2195 2159 2256 amplius
2194 2208 2375 2248 annos

622 2283 850 2346 triginta
886 2284 1132 2333 tribunus
1170 2287 1264 2333 aut
1298 2283 1611 2344 praefectus
1646 2286 1739 2333 aut
1772 2282 1989 2346 legatus
2014 2288 2107 2334 aut
2144 2290 2372 2347 praetor

623 2385 748 2422 cum
781 2384 978 2434 magna
1011 2370 1194 2434 gloria
1227 2373 1284 2422 in
1326 2375 1571 2422 exercitu
1618 2374 1827 2437 fuerat,
1880 2373 2173 2435 plerosque
2216 2377 2371 2436 ipsos

620 2461 876 2522 factaque
911 2472 1095 2510 eorum
1132 2462 1298 2511 fortia
1331 2463 1564 2512 noverat
1574 2476 1593 2525 3
1626 2473 1693 2510 ea
1724 2463 2185 2512 commemorando
2220 2465 2372 2514 mili-

443 2531 553 2619 χχχ
624 2552 738 2600 tum
771 2549 978 2598 animos
1021 2549 1370 2600 accendebat.

547 2630 612 2682 25
734 2635 824 2686 60.
863 2636 972 2688 Sed
1010 2639 1116 2700 ubi,
1154 2640 1399 2688 omnibus
1428 2638 1589 2688 rebus
1615 2637 1931 2701 exploratis,
1966 2641 2215 2690 Petreius
2238 2643 2371 2694 tuba

623 2728 838 2792 signum
887 2729 1010 2792 dat,
1063 2727 1303 2776 cohortis
1351 2725 1633 2788 paullatim
1680 2727 1941 2778 incedere
1988 2729 2165 2792 iubet,
2222 2731 2371 2782 idem

623 2817 760 2867 facit
795 2815 1026 2866 bostium
1065 2817 1353 2868 exercitus.
1406 2805 1691 2878 Postquam
1728 2828 1795 2864 eo
1826 2821 2044 2866 ventum
2082 2823 2185 2883 est,
2224 2822 2371 2871 unde

625 2915 659 2952 a
683 2904 998 2953 ferentariis
1033 2901 1297 2966 proelium
1336 2905 1580 2953 conmitti
1616 2908 1816 2970 posset,
1850 2919 2098 2956 maxumo
2124 2908 2370 2962 clamore

722 3090 758 3129 ί.
785 3088 946 3127 Deinde
971 3089 1022 3127 Κ.
1051 3109 1097 3118 -—-
1123 3092 1159 3128 4.
1187 3101 1305 3139 rupes
1332 3091 1432 3132 eod.
1460 3092 1587 3132 Basil.
1616 3077 1725 3142 apr.
1754 3104 1807 3130 m.
1836 3105 1935 3141 rupo
1956 3094 2008 3133 V.
2036 3096 2086 3134 G.
2116 3118 2159 3126 —
2184 3095 2225 3135 δ.
2265 3098 2371 3136 reli-

616 3167 706 3206 ,qua
731 3156 783 3197 K.
816 3179 860 3188 ·-
909 3158 948 3196 9.
977 3162 1015 3194 ee
1037 3157 1305 3196 Faesulanum
1327 3160 1379 3198 V.
1408 3179 1456 3188 --
1494 3159 1554 3198 15.
1584 3165 1791 3198 veteranae
1816 3159 1994 3199 cohortes
2020 3163 2067 3200 V.
2095 3185 2143 3192 —
2180 3168 2368 3212 „tunul-

623 3229 686 3262 tue
711 3224 819 3273 bpet.
853 3225 926 3262 sed
950 3226 992 3262 in
1019 3231 1047 3264 t.
1076 3227 1230 3264 tumulti
1253 3227 1437 3266 fuer-13³
1460 3228 1510 3266 G.
1538 3249 1581 3258 —
1610 3226 1671 3266 17.
1698 3227 1879 3266 esu-cuens
1902 3229 1953 3268 V.
1985 3253 2029 3262 -
2069 3231 2131 3270 18.
2158 3235 2221 3270 utu·
2244 3233 2304 3272 K.
2320 3255 2371 3264 --

624 3291 716 3340 (19.
744 3292 904 3330 inermis
929 3291 1061 3330 fimat
1077 3292 1305 3332 Arusianus
1330 3307 1370 3344 p.
1388 3295 1473 3332 218.
1492 3296 1661 3332 inermos
1674 3293 1882 3345 con-tius.)
1900 3317 1949 3326 -
1970 3298 2035 3338 2⁰.
2064 3309 2229 3338 eernere
2242 3301 2299 3342 Κ.
2319 3323 2371 3334 -

621 3360 686 3400 22.
714 3360 842 3408 gloria
866 3371 1008 3408 magna
1033 3361 1080 3398 V.
1111 3384 1152 3392 -
1203 3360 1266 3400 26.
1297 3360 1423 3407 iuba,-
1450 3361 1551 3399 idem
1576 3361 1625 3398 V.
1656 3363 1706 3401 G.
