2525 3925
542 341 654 395 244
1086 336 1450 391 mmmm
1483 338 1546 392 ω.
1583 338 1766 392 mvn
1800 399 1808 407 ‚

542 489 704 541 stium
740 488 797 539 et
832 488 1049 538 centum
1090 487 1292 552 viginti
1319 486 1622 551 elephantis
1651 488 1710 536 in
1745 497 1812 537 eo
1853 486 2044 538 ductIs.
2121 484 2366 539 Clau-⁵0⁵

548 577 669 627 dius
711 575 945 627 Pulcher
998 575 1186 627 consul
1240 579 1434 627 contra
1482 578 1728 640 auspicia
1766 576 2077 644 profectus,
2127 577 2297 627 iussis

542 666 717 730 mergi
762 664 927 727 pullis
978 666 1071 727 qui
1124 665 1294 715 cibari
1334 663 1621 732 nolebant,
1673 664 1973 715 infeliciter
2023 663 2296 717 adversus

543 754 1039 818 Karthaginienses
1065 753 1243 805 classe
1269 755 1574 817 pugnavit3
1612 755 1668 803 et
1691 757 1986 803 revocatus
2024 765 2059 803 a
2095 756 2297 803 senatu

504 842 842 906 eiussusque
896 841 1219 895 dictatorem
1274 844 1456 893 dicere
1505 838 1792 893 Claudium
1849 842 2086 893 Gliciam
2144 842 2300 907 dixit,

540 933 705 983 sortis
747 930 971 981 ultimae
1003 932 1286 995 hominem,
1336 932 1427 993 qui
1461 935 1686 982 coactus
1720 931 1980 982 abdicare
2017 942 2083 979 se
2119 932 2298 995 magi-

547 1021 727 1071 stratu
765 1024 957 1082 postea
987 1018 1147 1071 ludos
1183 1020 1556 1081 praetextatus
1591 1020 1878 1081 spectavit.
1948 1017 2158 1069 Atilius
2187 1016 2294 1067 Ca-

538 1106 743 1157 latinus
792 1109 995 1169 primus
1035 1108 1270 1157 dictator
1329 1110 1483 1158 extra
1519 1107 1730 1157 ltaliam
1770 1108 2073 1158 exercitum
2123 1106 2294 1156 duxit.

544 1191 679 1243 Cum
704 1193 899 1245 Poenis
940 1197 1279 1258 captivorum
1303 1197 1646 1246 commutatio
1669 1195 1818 1246 facia
1845 1198 1947 1246 est.
2019 1194 2292 1247 Coloniae

474 1276 813 1335 10deductae
860 1287 988 1334 sunt
1023 1284 1344 1349 Fregenae,
1398 1286 1454 1334 in
1502 1297 1637 1348 agro
1683 1282 1990 1335 Sallentino
2041 1285 2296 1335 Brundu-

542 1374 699 1424 sium.
769 1374 1025 1423 Lustrum
1062 1384 1096 1421 a
1136 1373 1457 1423 censoribus
1495 1368 1768 1423 conditum
1803 1378 1921 1423 est:
1962 1384 2133 1423 censa
2165 1376 2358 1424 sunt507

545 1462 752 1513 civium
798 1462 979 1522 capita
1028 1463 1261 1511 ducenta
1315 1461 1710 1525 quinquaginta
1765 1474 1926 1511 unum
1980 1462 2138 1512 milia
2189 1460 2293 1511 du-

547 1552 707 1600 centa
742 1550 943 1613 viginti
980 1547 1100 1599 duo.
1174 1546 1405 1599 Claudia
1439 1562 1600 1600 soror
1637 1549 1695 1597 P.
1731 1547 1974 1617 Claudii,
2027 1552 2125 1613 qui
2162 1560 2359 1601 con-⁵08

546 1639 765 1702 temptis
809 1640 1071 1701 auspiciis
1118 1637 1261 1689 male
1311 1641 1686 1703 pugnaverat,
1741 1650 1776 1687 a
1823 1637 1967 1689 ludis
2006 1640 2298 1689 revertens

473 1728 536 1781 15
552 1739 672 1777 cum
709 1727 865 1777 turba
902 1729 1262 1791 premeretur,
1300 1726 1434 1775 dixit
1471 1728 1723 1777 «Utinam
1753 1727 1931 1777 frater
1953 1739 2108 1777 meus
2139 1728 2297 1777 vive-

545 1817 633 1867 ret
676 1817 982 1879 iterumque
1008 1816 1239 1866 classem
1266 1816 1538 1865 duceret.»
1616 1815 1694 1867 Ob
1722 1827 1838 1865 eam
1868 1827 2092 1866 causam
2123 1815 2292 1865 multa

548 1904 601 1953 ei
635 1906 781 1955 dicta
821 1909 922 1957 est.
994 1906 1114 1955 Duo
1163 1906 1446 1968 praetores
1494 1905 1604 1953 tum
1649 1906 1886 1966 primum
1937 1904 2116 1953 creati
2155 1906 2356 1954 suntne

549 1989 825 2044 Caecilius
849 1993 1105 2045 Metellus
1139 1994 1392 2055 pontifex
1414 1994 1676 2042 maximus
1701 1995 1765 2042 A.
1788 1994 2126 2043 Postumium
2162 2005 2294 2044 con-

550 2079 757 2145 sulem,
806 2084 1059 2142 quoniam
1091 2079 1233 2132 idem
1271 2084 1328 2131 et
1371 2083 1561 2130 flamen
1596 2079 1867 2130 Martialis
1902 2084 2053 2145 erat,
2092 2093 2205 2130 cum
2237 2081 2286 2129 is

472 2167 623 2225 20ad
660 2165 862 2216 bellum
906 2169 1203 2231 gerendum
1249 2169 1525 2229 proficisci
1575 2167 1778 2231 vellet,
1829 2170 1888 2218 in
1936 2169 2069 2219 urbe
2121 2168 2290 2219 tenuit

476 2293 481 2302 .
548 2264 655 2304 nec
691 2266 883 2317 passus
919 2257 1003 2305 est
1039 2267 1073 2304 a
1105 2257 1281 2306 sacris
1317 2259 1596 2306 recedere.
1656 2255 1840 2306 Rebus
1871 2257 2138 2306 adversus
2161 2257 2297 2307 Poe-

547 2352 651 2393 nos
686 2355 721 2393 a
756 2342 1005 2404 pluribus
1045 2343 1271 2394 ducibus
1307 2357 1572 2408 prospere
1594 2347 1787 2412 gestis,
1821 2356 2078 2395 summam
2113 2347 2298 2396 victo-

546 2433 668 2483 riae
698 2427 755 2482 C.
781 2432 1031 2484 Lutatius
1070 2432 1264 2484 consul
1303 2433 1452 2484 victa
1487 2434 1554 2483 ad
1591 2435 1831 2498 Aegates
1867 2430 2072 2482 insulas
2115 2432 2300 2486 classe

548 2519 853 2572 Poenorum
902 2521 1178 2583 imposuit.
1250 2522 1566 2572 petentibus
1600 2519 2148 2584 Karthaginiensibus
2191 2534 2367 2586 paxm

476 2610 542 2662 25
555 2608 683 2661 data
718 2612 818 2660 est.
893 2606 1025 2660 Cum
1060 2609 1316 2674 templum
1350 2612 1558 2661 Vestae
1594 2611 1828 2674 arderet,
1869 2606 2144 2660 Caecilius
2174 2613 2302 2662 Me-

551 2697 716 2747 tellus
750 2698 998 2761 pontifex
1033 2700 1301 2749 maximus
1328 2710 1396 2748 ex
1419 2697 1667 2749 incendio
1692 2711 1853 2750 sacra
1889 2700 2082 2760 rapuit.
2140 2699 2301 2752 Duae

552 2787 725 2838 tribus
772 2785 1019 2838 adiectae
1068 2789 1221 2851 sunt,
1271 2787 1472 2839 Velina
1518 2791 1574 2840 et
1609 2783 1852 2852 Quirina.
1923 2786 2131 2836 Falisci
2177 2801 2302 2839 cum

550 2872 935 2944 rebellassent,
958 2879 1116 2927 sexto
1141 2875 1229 2926 die
1255 2876 1542 2940 perdomiti
1567 2877 1624 2926 in
1650 2876 1978 2928 deditionem
2008 2881 2301 2929 venerunt.

1221 3032 1458 3086 Liber
1507 3032 1622 3081 XX.

475 3143 542 3194 30
658 3133 963 3198 Spoletium
1008 3137 1227 3189 colonia
1272 3140 1504 3190 deducta
1551 3139 1650 3189 est.
1731 3140 2012 3191 Adversus
2058 3141 2369 3206 Liguressit

552 3222 684 3273 tunc
708 3223 939 3284 primum
964 3229 1239 3279 exercitus
1260 3229 1544 3290 promotus
1567 3229 1672 3279 est.
1727 3227 1889 3279 Sardi
1911 3233 1968 3279 et
1991 3226 2149 3280 Corsi
2171 3243 2298 3283 cum

550 3309 939 3378 rebellassent,
972 3317 1188 3368 subacti
1210 3318 1352 3368 sunt.
1403 3317 1610 3369 Tuccia
1631 3317 1796 3383 virgo
1822 3314 2064 3371 Vestalis
2096 3319 2300 3372 incesti
